1990 2694
282 129 355 181 144

683 124 1350 173 'EXERCITATIO'NUM-

284 266 292 274 .
411 228 487 270 IV.
522 227 716 278 Sequitur
746 215 968 269 112?ch
998 222 1193 274 historia,
1224 237 1246 264 a
1273 236 1422 268 PETRo
1448 233 1665 267 CANDmo
1690 235 1713 263 e

298 290 506 332 Vaticano
529 286 682 327 Codice
708 282 789 336 jam
820 283 928 339 oiimv
945 296 1037 324 cum
1062 283 1238 336 reliquis*
1260 296 1450 326 APPIAM
1477 282 1595 326 libris
1611 282 1714 337 ‚qui

285 376 501 405 >APPIANUS
512 392 523 409 ‚
536 377 683 410 eamque
693 364 864 409 Scipionis
877 375 976 402 men*

291 416 425 452 tionem
481 414 531 450 his
576 412 687 449 verbis
735 410 974 448 concluserat:

269 465 353 507 -(p.
371 469 424 504 58.
451 470 544 498 extr.
570 462 602 497 δι
623 472 685 504 .ς9.
715 463 890 500 ineunte)
922 463 977 495 ux>

289 512 380 544 τοῦτο
416 511 532 552 πρῶτον
560 507 653 543 adrev
683 509 732 543 ἐπὶ
765 506 848 547 δὸξης
877 508 977 554 ἐπινοίη-’-

283 560 363 599 ’σεη
411 556 616 600 εὕέουλέτερον
643 557 699 591 τοῦ
727 555 886 599 dydimo?
915 563 977 596 Φα-

278 606 388 644 ·νίν7α,
427 604 529 650 quod
551 605 630 647 ejus
646 602 793 647 sadum
816 605 976 649 primam

294 653 529 699 comparavit
561 650 616 686 illi
638 650 800 695 gloriam
816 674 826 691 ‚
863 661 975 697 quum

284 702 375 748 plus
410 711 529 747 quam.
558 698 690 744 Consul
707 698 845 745 sapere
875 698 977 744 visits

255 763 262 781 ·.
284 748 390 793 effer.
432 747 510 789 Jam
529 757 612 781 vero
634 745 766 790 postea
785 744 911 787 verba,
940 746 976 780 in

284 795 397 834 „editis
412 802 588 829 ΛΡΜ-ΑΜ
602 792 860 838 exemplaribus
871 816 880 832 ‚
897 804 976 837 pro-

290 844 384 878 xime
405 853 445 877 ac
469 841 672 877 immediate
692 840 858 886 leguntur
879 839 974 883 haec,

284 895 466 933 jxomoz
495 884 553 926 δ’ἶν
577 894 820 925 ΕΠΙΣΤΟΛΗ.
857 893 910 923 καὶ
938 888 975 924 τὸ

291 940 476 981 Κηνσωρίνου
510 935 693 981 σΊρκἿόπεδον
726 936 844 976 ἐνόσει,
884 935 978 972 aas.

291 988 382 1024 μεῖον
415 988 465 1020 ἐπὶ
493 987 583 1029 λίμνῃ
618 984 761 1029 enasset&
789 985 843 1019 καὶ
875 986 978 1028 βαρέος

296 1032 419 1075 welhe,
447 1036 502 1067 καὶ
523 1032 586 1067 fine*
605 1035 719 1074 ττίχεσι
739 1032 909 1075 μεγίσἹοις,
943 1032 977 1067 οὗ

292 1085 695 1116 KATAHAEOMENON
718 1081 751 1114 ἔκ
774 1081 828 1118 τὶἶς
847 1078 978 1114 θαλάσ-

290 1143 342 1167 σης
383 1128 499 1172 Quem
520 1126 638 1163 locum
661 1129 709 1161 ita
730 1126 976 1171 interpretatus

291 1174 340 1212 est
363 1182 595 1211 GELENIUs:
628 1175 834 1210 Communis
850 1182 975 1210 autem

291 1231 372 1258 erat
407 1221 568 1268 epistola.
638 1223 822 1270 Censorini
859 1221 976 1267 castra

291 1278 372 1306 tum
406 1269 627 1305 laborabant
656 1269 810 1308 morbis,
846 1276 888 1304 uc
899 1268 977 1313 sta-

287 1317 492 1363 gnantibus
516 1319 623 1363 aquis
647 1314 840 1363 apposita,
884 1314 931 1357 ἓξ
951 1328 975 1353 α

289 1368 389 1401 mari
410 1363 569 1411 discltgfa
589 1366 733 1408 magnis
755 1365 924 1408 aedificiis.

333 1412 376 1450 ln
399 1411 511 1449 tribus
535 1410 593 1448 vel
620 1420 769 1457 quatuor
799 1410 972 1456 prioribus

284 1460 401 1498 verbis
418 1459 535 1496 omnis
549 1459 636 1495 inest
658 1457 864 1495 difficultas:
892 1458 971 1495 satis

284 1510 383 1551 enim
413 1507 506 1542 clara
529 1505 609 1541 sunt
623 1531 634 1548 ,
662 1517 736 1550 quae
758 1505 970 1551 sequuntur,

288 1555 335 1592 de
357 1554 491 1591 morbis
512 1554 549 1588 in
562 1552 743 1589 Censorini
757 1553 868 1589 eastris
886 1553 972 1598 gras-

288 1602 466 1645 santibus,
495 1602 625 1647 quippe
644 1612 720 1646 quae
742 1601 785 1636 ad
806 1599 973 1646 paludem

285 1650 398 1697 posita
425 1648 557 1692 essent,
598 1649 698 1692 cujus
728 1648 907 1693 stagnante
931 1660 973 1685 ac

286 1696 512 1746 graveolenta
528 1708 615 1743 aqua
633 1695 738 1732 facile
755 1695 852 1733 infici
871 1704 975 1742 pote-

287 1755 343 1783 rat
356 1749 439 1790 aen
469 1756 581 1790 eoque
596 1745 700 1781 etiam
719 1745 829 1789 magis
841 1770 853 1787 ‚
873 1744 968 1790 quod

261 1803 468 1832 'murorum
493 1792 588 1829 urbis
606 1791 796 1829 altitudine
810 1818 822 1836 ‚
845 1792 968 1837 quibus

284 1842 443 1887 subjecta
457 1848 555 1878 erant
565 1839 624 1877 ina
635 1839 817 1877 Censorini
836 1838 967 1884 stativa,

280 1891 425 1928 marinae
448 1901 545 1926 αισι
566 1889 778 1934 refrigerans
806 1886 970 1933 prohibe-

281 1947 378 1976 retur
398 1938 570 1984 adflatus.
605 1938 699 1974 Nam
714 1963 726 1980 ‚
756 1947 822 1982 pro
846 1935 969 1972 vitioso

280 1987 550 2026 κοιἹαπλεόμενον,
578 1996 623 2020 ex
645 1985 730 2020 Cod.
747 1983 897 2029 August.
918 1996 971 2020 re-

281 2032 492 2082 cipiendum
539 2031 609 2069 effe
647 2035 970 2068 KATAIINEOME-

1026 363 1106 400 dice
1137 364 1174 399 in
1205 364 1369 401 Verfione
1398 364 1506 400 latina
1536 362 1711 411 expreffit.
1765 392 1770 396 .

1024 411 1093 448 Sed
1115 423 1302 457 quamnam
1333 417 1553 448 communem
1583 411 1711 460 episto-

1027 461 1102 496 lum
1128 469 1199 495 tam
1224 460 1337 496 subito
1356 467 1462 505 atque
1485 471 1528 495 ex
1560 460 1709 505 abrupto

1026 507 1127 542 nobis
1155 508 1213 543 hic
1245 515 1361 544 narret
1395 515 1631 549 ΑΡΡῙΑΝυε,
1672 507 1709 541 id

1029 555 1173 606 quidem
1219 554 1316 591 nulla
1361 555 1496 591 ratione
1544 560 1707 599 apparet3

1027 603 1121 647 quod
1136 614 1179 637 eo
1200 603 1307 647 magis
1328 603 1433 638 etiam
1452 602 1577 636 mirum
1599 601 1709 635 videri

1026 648 1163 695 potest,
1204 651 1370 696 quoniam
1403 648 1537 685 lacunae
1571 647 1709 684 nullum

1024 698 1157 742 {ignum
1172 725 1182 741 ,
1206 703 1218 739 (
1237 710 1311 743 quae
1332 705 1473 741 tamen,
1502 696 1523 732 fi
1541 708 1581 733 ea
1604 697 1709 732 verba

1027 746 1231 790 ceteroquin
1257 745 1334 781 sana
1356 745 1492 788 essent,
1519 744 1708 780 necess'urio

1025 795 1185 838 proxime
1212 801 1294 829 ante
1325 792 1384 829 illa
1407 791 1512 829 verb'a
1534 792 1617 828 esset
1647 791 1710 827 sta-

1027 842 1186 882 tuenda)
1213 842 1249 876 in
1275 841 1375 878 MSS.
1399 841 1511 877 Codd.
1542 840 1585 875 ad
1612 840 1708 875 hunc

1025 888 1144 925 locum
1162 888 1376 934 perspicitur.
1418 890 1542 933 Neque
1561 888 1654 923 enim
1671 888 1707 922 in

1027 937 1238 984 Augustam
1252 937 1384 973 Codice
1399 936 1587 982 quidquam
1618 935 1686 971 tale
1697 962 1707 977 ,

1027 983 1082 1020 vel
1101 985 1138 1020 in
1164 984 1237 1029 ipso
1256 992 1423 1021 contextu
1440 1011 1451 1027 ‚
1480 983 1537 1020 vel
1558 984 1602 1019 ad
1618 994 1709 1018 mat·

1024 1032 1141 1077 ginem
1155 1040 1316 1068 notatum
1331 1040 1392 1068 aut
1408 1032 1601 1067 indicatum
1612 1058 1623 1073 ,
1645 1042 1706 1066 oc-

1027 1080 1153 1123 curnit3
1193 1079 1308 1125 neque
1342 1088 1554 1116 ennomus
1581 1079 1615 1113 in
1645 1078 1704 1114 suo

1027 1127 1219 1172 exemplari
1240 1126 1347 1163 ullam
1359 1127 1527 1163 defectus
1545 1125 1709 1170 suspicio-

1025 1185 1108 1210 nem
1133 1173 1297 1211 hocloco
1317 1174 1429 1218 vidit}
1457 1173 1515 1220 qui
1541 1174 1704 1219 quidem,

1026 1233 1132 1266 quum
1154 1221 1205 1257 ibi
1228 1222 1352 1258 eadem
1371 1221 1475 1267 plane
1492 1223 1619 1262 verba,
1644 1237 1707 1255 κοι-

1025 1269 1070 1311 νὸς
1090 1268 1115 1304 δ’
1132 1265 1164 1307 vi·
1182 1270 1318 1308 ἐπισἹολῆ
1338 1270 1506 1306 continua
1523 1268 1607 1305 serie
1622 1279 1705 1304 cum

1022 1316 1163 1362 reliquis
1189 1316 1333 1363 legerit,
1379 1317 1570 1354 commode
1599 1317 1705 1352 etiam
1744 1343 1748 1348 .

1022 1375 1103 1400 cum
1128 1364 1408 1409 p‘raecedentibus
1432 1365 1508 1400 haec
1527 1363 1703 1400 cohaerere

1019 1413 1156 1458 putavit
1169 1438 1180 1455 ‚
1216 1424 1258 1449 ac
1283 1411 1392 1449 latine
1410 1412 1480 1448 hoc
1496 1412 1607 1448 modo
1627 1411 1706 1448 red-

1021 1460 1104 1497 dere
1127 1468 1273 1497 conatus
1296 1461 1366 1497 est:
1406 1467 1515 1497 extat
1536 1462 1630 1496 enim
1657 1461 1703 1495 de

1020 1509 1091 1543 hac
1110 1519 1148 1544 re
1171 1507 1283 1554 ipsius
1307 1508 1468 1555 epistola.
1508 1507 1553 1543 Et
1580 1514 1704 1542 CARo—

1022 1564 1095 1591 Lus
1127 1564 1392 1600 sumanus,
1430 1566 1474 1591 ex
1501 1556 1600 1599 cujus
1621 1554 1703 1591 Edi-

1020 1603 1120 1638 tione
1144 1603 1220 1638 duae
1242 1602 1356 1639 alterae
1377 1611 1551 1639 APPIANI
1570 1602 1703 1638 Editio-

1021 1661 1084 1685 nes
1098 1649 1259 1694 expreffae
1278 1650 1358 1686 sunt
1370 1674 1379 1688 ‚
1408 1660 1516 1696 quum
1526 1649 1700 1695 Asteris'co

1019 1696 1117 1734 hunc
1128 1696 1247 1734 locum
1267 1698 1423 1741 notavit,
1435 1705 1554 1734 tamen
1568 1708 1613 1733 ne
1625 1696 1702 1732 uni-

1018 1757 1058 1781 us
1078 1746 1222 1791 quidem
1246 1745 1355 1782 literae
1377 1757 1526 1782 vacuum
1552 1744 1701 1791 spatium

994 1792 1184 1839 areliquit3
1223 1794 1384 1840 adeoque
1412 1805 1475 1839 per
1505 1791 1700 1829 asteriscum

1015 1840 1115 1877 illum
1138 1853 1212 1877 non
1235 1850 1306 1878 tam
1330 1853 1395 1892 pro
1420 1840 1567 1884 mutilo,
1595 1851 1700 1886 quam

1017 1888 1084 1926 alia
1115 1890 1250 1927 ratione
1280 1890 1459 1937 insigniter
1487 1889 1697 1935 depravato,

1018 1937 1114 1974 hunc
1150 1937 1269 1975 locum
1301 1937 1509 1975 declaravit:
1545 1937 1640 1982 quod
1665 1937 1699 1973 &

1016 1984 1124 2023 frater
1147 1987 1221 2031 ejus
1250 1994 1473 2023 ROBERTUS
1504 1986 1542 2020 in
1560 1984 1698 2020 Graeco-

1016 2045 1094 2071 rum
1107 2034 1323 2081 Scriptorum
1345 2032 1559 2072 editionibus
1581 2031 1698 2070 facere

276 2088 395 2127 NON,
414 2080 475 2117 vix
488 2090 577 2126 opus
591 2079 658 2123 est,
682 2085 724 2115 ut
737 2072 959 2125 moneamu83
1009 2082 1260 2126 consueverat,
1287 2082 1333 2119 de
1354 2093 1423 2128 quo
1443 2082 1518 2125 ejus
1535 2092 1633 2117 more
1646 2081 1696 2118 vi-

278 2142 382 2177 quam
404 2128 597 2167 lectionem
618 2128 725 2165 etiam
746 2135 958 2165 cAnmnus
1008 2129 1083 2167 deri
1093 2130 1204 2178 potest
1216 2129 1372 2176 ejusdem
1382 2137 1575 2170 ,nonnam
1597 2138 1692 2167 sn:-

277 2190 321 2217 u
337 2180 519 2225 Vaticano
530 2202 542 2225 ,
569 2187 640 2224 quo
652 2176 683 2215 is
697 2174 778 2225 usus
796 2175 864 2222 est,
893 2175 959 2214 Co.
1008 2185 1140 2217 mum
1151 2178 1347 2217 admonitio
1361 2177 1407 2216 ad
1416 2176 1606 2225 lectorem,
1618 2178 1694 2216 edi-
