1990 2694
275 84 343 163 >48
565 141 573 151 .
616 80 1312 151 ...ssssxssssmumowm
1351 121 1354 125 -

280 201 432 248 Plano
467 187 599 247 tribui
629 187 757 242 solet,
807 188 853 231 in
879 198 1015 232 mente
1044 187 1225 232 habuiffe
1253 190 1332 233 Vir
1356 186 1604 238 doctiffimus
1631 191 1694 234 vi-

281 250 418 293 detur.
446 255 450 259 ’
604 253 606 255 ’
950 288 958 295 ,.
1620 261 1630 279 ν’

284 319 286 322 ·
403 308 478 351 VI.
514 318 884 350 mnrium-nco
917 305 1026 348 libro
1056 318 1181 361 grave
1215 307 1321 349 illud
1348 322 1395 350 ac
1427 317 1510 350 tam
1533 306 1696 351 diuma

283 382 412 420 num,
447 380 571 421 quam
596 366 755 408 varium
781 376 907 420 atque
928 366 1170 419 multiplex,
1202 381 1296 408 cum
1326 368 1501 419 Pontico
1528 367 1699 411 Mithri-

284 425 375 467 date
393 440 414 466 a
428 426 629 467 Romanis
650 423 807 479 gestum
821 424 974 467 bellum
991 459 1003 476 ‚
1032 422 1290 480 feliciterque
1302 425 1492 474 tandem,
1524 429 1695 481 Pompe.

279 484 323 539 'jo
360 485 507 536 Duce,
552 480 807 535 confectum,
845 482 1008 539 copiose
1042 494 1314 539 accurateque
1346 481 1594 538 descriptum
1624 486 1693 530 est.

281 543 427 587 Eidem
463 543 572 586 libro
600 542 711 598 quafi
743 540 944 596 episodica
981 542 1150 585 historia
1186 546 1367 587 Piratici
1393 544 1516 601 belli,
1550 542 1697 588 eodem

281 602 480 657 Pompejo
501 602 605 645 duce
632 600 840 653 confecti,
864 600 1104 657 opportuno
1129 602 1222 644 loco
1247 600 1452 644 inseritur.
1513 604 1562 645 In
1586 618 1636 646 eo
1651 605 1698 646 li-

281 662 359 704 bro
376 696 389 714 ,
424 662 556 715 qualis
587 660 711 703 hodie
737 675 829 703 curn
855 662 901 702 in
921 663 1221 719 Manufirc'ptis
1249 661 1501 709 Codicibus,
1535 672 1624 705 tum
1652 665 1696 705 in

282 721 470 779 imprqffis
494 720 648 768 exstat‚‘
668 733 801 762 unum
819 718 966 762 folium
979 753 993 772 ‚
1028 736 1113 775 quo
1134 720 1231 763 finis
1251 721 1361 761 illius
1379 720 1695 770 continebatur,

282 792 492 834 perperam
526 782 568 820 in
594 778 773 822 frontem
796 778 892 821 libri
916 777 990 822 effie
1013 779 1209 834 rejectum
1224 808 1236 827 ,
1266 779 1349 833 Jam
1364 777 1482 835 supra
1503 780 1559 822 est
1579 796 1601 823 a
1623 797 1699 823 no-

278 839 343 882 bis
376 838 468 881 data
495 837 704 881 occasione
732 840 955 892 monitum.
987 838 1043 896 p)

405 899 496 941 Vll.
530 895 726 953 Sequitur-
745 911 968 944 elvlLIUM
991 910 1243 942 Berconum
1260 896 1426 940 historia
1443 914 1456 945 5
1485 899 1603 952 cujus
1614 903 1699 955 pri-

286 972 354 999 mo
380 960 503 1000 Libro
537 958 826 999 intestinarum
857 957 1021 1000 illarum
1046 957 1261 999 turbarum
1282 959 1511 1007 enarratio,
1544 958 1697 1011 quibus

286 1016 460 1059 lacerata
487 1016 559 1059 diu
584 1032 629 1060 ac
650 1016 816 1058 tandem
841 1014 1022 1071 oppreffa
1043 1016 1099 1059 est
1121 1017 1408 1059 Romanorum
1421 1016 1667 1070 Respublica
1682 1047 1695 1065 ,

283 1089 308 1117 a
331 1075 618 1119 Gracchorum
642 1075 844 1117 seditione
863 1072 991 1129 usque
1020 1075 1070 1117 ad
1099 1076 1220 1129 Syllae
1246 1075 1409 1118 obitum
1430 1075 1669 1128 perducitur
1683 1093 1696 1123 ς

280 1134 489 1188 primique
505 1136 794 1176 triumviratus
817 1134 1116 1176 calamitatibus
1127 1137 1362 1177 Sertoriani
1386 1144 1577 1188 praeterea
1589 1137 1699 1179 Belli

282 1195 329 1237 in
358 1192 553 1246 Hispania
573 1193 697 1248 gesti,
732 1204 1007 1247 motuumque
1025 1207 1048 1234 a
1083 1193 1275 1246 Spartaco
1298 1194 1343 1235 iu
1367 1193 1483 1236 Italia
1501 1195 1699 1236 excitato-

283 1264 405 1303 rum,
438 1251 607 1294 historia
634 1250 862 1304 subjicitur.

403 1311 519 1354 VIII.
551 1313 764 1356 Secundus
791 1312 838 1355 de
862 1324 1050 1355 BELLJS
1074 1323 1346 1356 CJVJLJBUS
1367 1312 1515 1368 Liber,
1546 1325 1568 1353 a
1588 1311 1699 1353 Cati-

278 1370 376 1411 lina:
391 1371 595 1424 incipiens
616 1370 933 1423 conjuratione,
966 1369 1142 1411 alterum
1165 1371 1476 1413 triumviratum
1501 1372 1695 1424 exponit,

278 1427 327 1473 in
347 1428 535 1486 Juliique
557 1427 726 1473 Caefiitis
751 1427 860 1472 caede
896 1424 1055 1470 definit.

281 1539 283 1542 .
400 1490 479 1532 IX.
516 1493 679 1533 Tertius
710 1488 928 1530 turbarum
960 1488 1011 1530 ab
1041 1488 1223 1530 Antonio
1259 1489 1578 1543 Ofiavianoque
1606 1487 1696 1542 post

283 1557 463 1588 mortem
490 1547 660 1589 Caesaris
696 1549 962 1589 excitatarum
987 1549 1174 1589 continet
1192 1548 1382 1594 initium,
1413 1561 1459 1588 ac
1488 1561 1698 1590 novorum

284 1605 626 1649 Triumvirorum
641 1605 748 1662 gesta
765 1604 958 1649 adversus
975 1603 1142 1648 Caesaris
1160 1605 1466 1653 interfectores,
1501 1604 1627 1660 usque
1648 1607 1699 1649 ad

284 1666 581 1708 DecimiBruti
606 1667 823 1708 interitum
838 1694 851 1713 ,
887 1666 1068 1718 exponit.
1522 1697 1525 1700 .

401 1725 457 1769 Χ.
494 1727 679 1786 Quartus
699 1739 964 1770 CIVJLJUM
982 1738 1273 1768 -BELLORUM
1296 1725 1418 1767 Liber
1438 1720 1699 1778 proscriptio·

285 1797 390 1825 num
404 1783 659 1840 caediumque
678 1798 701 1826 a
720 1784 977 1827 Triumviris
996 1783 1199 1825 editarum
1218 1782 1443 1825 horrendas
1462 1781 1596 1825 scenas
1610 1799 1699 1838 gra-

285 1840 408 1896 phice
432 1842 642 1899 depingit,
668 1856 715 1885 ac
743 1842 898 1884 bellum
914 1840 1106 1885 adversus
1136 1842 1321 1896 reliquos
1347 1839 1521 1885 Caesaris
1531 1842 1698 1885 interfe-

285 1903 439 1952 diores,
468 1904 534 1948 M.
564 1904 743 1946 Brutum
766 1900 1049 1956 Caffiumque‚
1079 1898 1313 1944 confectum
1340 1899 1478 1943 refert.

1617 1959 1682 2002 XI

325 2058 375 2106 p)
399 2057 462 2095 Ad.
481 2056 569 2094 Sea.
599 2055 664 2093 111.
697 2067 796 2093 num.
820 2055 968 2104 (XIV.)
1068 2056 1103 2100 ⁸)
1128 2055 1169 2094 In
1181 2055 1394 2103 Augustam
1406 2054 1609 2098 Codice,in
1622 2038 1705 2093 M'e,

280 2116 357 2144 not.
380 2116 419 2146 z.
1018 2104 1120 2141 diceo
1136 2131 1159 2147 ,,
1173 2105 1211 2139 in
1237 2105 1376 2141 duobus
1389 2106 1509 2149 Regiis
1522 2102 1707 2149 Parzfien-.

329 2157 371 2205 q)
397 2154 487 2195 Sea.
508 2153 571 2194 111.
598 2163 697 2208 num.
713 2149 816 2190 XXI.
1006 2150 1134 2205 silius,
1169 2150 1308 2204 duobus
1333 2153 1538 2195 Vaticanis,
1574 2152 1608 2188 δι
1637 2153 1700 2206 Ve-
