1990 2694
571 150 715 191 msa
727 151 826 193 ΡΡῙ
844 141 1018 192 Anum
1049 136 1235 193 ster.-
1255 138 1350 190 vr:

1611 146 1689 200 65²

259 258 388 302 strum
417 252 681 299 Cliaeronenfi
707 255 929 310 scriptori,
963 268 1098 309 neque
1123 250 1205 295 hoc
1224 248 1310 306 ipso
1338 251 1454 301 loco,
1486 254 1677 307 nequein

257 328 346 360 -tota
372 313 539 358 Caesaris
564 314 717 358 Gallica
748 315 957 363 Historia,
993 314 1219 370 quidquam
1251 311 1414 357 debere.
1443 311 1514 364 bh)
1576 312 1701 354 Veh·

259 377 369 427 iem]
402 389 518 430 aeque
547 373 661 417 facile
694 377 770 417 alia
803 372 1021 416 difficultas
1046 374 1227 427 expediri
1246 370 1398 425 posset,
1432 385 1512 428 qua
1544 374 1678 426 premi

259 433 447 477 eumdem
469 431 583 477 hunc
600 446 789 479 APPIANI
810 434 1052 481 locum‚'i·n
1071 447 1153 487 quo
1182 430 1414 480 versamur,
1449 431 1588 477 video,
1611 431 1677 484 cc)

260 549 318 584 uti
351 547 564 595 potestatem
586 547 735 593 faceret
771 544 932 588 (Caesar)

259 598 298 632 in
331 597 437 632 Ubios
459 597 598 641 legatos
616 594 814 637 mittendi‚-
848 605 935 642 quo-

258 656 337 689 rum
349 643 388 688 fi
411 643 594 690 principes
620 654 663 678 ac
684 645 835 679 Senatus
857 639 933 686 fibi

245 692 498 735 jurejurando
527 691 638 735 fidem
659 689 854 734 feciffcnt,
890 699 933 724 ea

259 740 483 780 conditione,
522 750 596 786 quae
616 749 644 773 -a
670 738 800 782 cffire
819 736 931 778 ferre-

260 793 342 829 tur,
370 786 417 832 fi
444 786 569 832 ufitros
595 785 847 830 ostendebant:
884 784 936 818 ad

258 834 326 868 has
365 845 420 869 res
459 833 694 878 conficiendas
717 830 792 877 sthi
820 831 938 867 tridui

246 881 420 928 'spatium
448 881 564 917 darec.
926 880 933 883 ’

307 928 386 972 Jam
404 928 473 964 hoc
487 927 626 973 quidem
640 938 712 962 non
727 937 946 972 magnopere·

258 987 401 1012 movere
421 987 483 1011 nos
496 975 622 1017 debet,
641 975 736 1019 quod
752 975 789 1008 in
807 985 937 1016 rerum,

260 1024 305 1059 de
325 1024 449 1068 quibus
467 1022 514 1057 ibi
531 1022 643 1067 agitur
656 1047 667 1065 ‚
695 1020 940 1066 expofitionea

260 1079 425 1106 CAESARE
458 1069 653 1115 discrepare
684 1069 845 1105 videatur
872 1077 940 1104 AP-

261 1126 441 1161 PIANUS3
474 1128 613 1163 neque,
650 1128 694 1153 eo
717 1116 862 1152 nomine
889 1128 940 1152 re-

256 1166 550 1212 prehendendum
610 1165 822 1209 Scriptorem
871 1175 935 1198 no-

258 1213 385 1255 strum,
414 1212 619 1259 putaverim.
649 1212 802 1247 Primum
819 1211 935 1253 enim,

258 1262 341 1306 quin
363 1261 515 1306 potuerit
534 1268 637 1309 atque
649 1259 758 1295 etiam
778 1258 939 1295 debuerit

258 1317 440 1346 accuratus
460 1308 633 1354 Scriptor‚
666 1318 738 1342 non
755 1305 863 1342 modo
885 1307 938 1342 in-

254 1363 355 1401 tegra
382 1363 568 1399 manente,
601 1354 664 1391 sed
690 1355 793 1390 etiam
821 1354 935 1399 postu-

255 1403 353 1439 lante
369 1429 380 1447 ,
408 1404 457 1440 rei
472 1404 616 1439 veritate
630 1427 640 1444 ,
667 1412 933 1446 nonnumquam

258 1450 301 1486 ab
318 1462 361 1487 eo
375 1449 546 1496 paulisper
568 1449 754 1492 recedere,
783 1449 878 1494 quod
894 1449 933 1484 in

259 1500 535 1534 Commentariis
556 1497 621 1533 suis
641 1496 713 1542 ipse
724 1505 866 1532 cAEsAR
882 1508 935 1532 re-

256 1544 359 1589 tulit3
395 1545 431 1580 id
454 1544 595 1591 quidem
618 1555 691 1579 non
714 1542 816 1579 facile
836 1543 935 1579 dubi-

256 1593 346 1630 tabit
366 1594 414 1637 is,
450 1593 509 1639 qui
530 1592 702 1638 judicium
728 1590 837 1636 illud,
872 1603 935 1638 per

254 1642 292 1678 se
316 1644 421 1679 etiam
452 1641 532 1678 ¹satis
565 1639 768 1685 probabile,
806 1641 937 1686 cogita-

255 1691 369 1734 verit,
406 1690 502 1735 quod
527 1689 571 1725 de
599 1688 805 1724 eorumdem
840 1690 937 1723 Com-

255 1740 520 1775 mentatiorum
548 1737 682 1773 ratione
719 1735 936 1779 auctoritate-

258 1798 350 1831 que,
395 1786 438 1821 ab
474 1793 616 1821 Asrmo
655 1792 865 1819 pontone
886 1782 935 1818 la-

255 1841 355 1877 tum,
382 1832 476 1879 apud
501 1838 751 1868 suE‘romuM
770 1829 931 1875 legimus,

256 1883 296 1919 in
319 1883 445 1925 ιῙιιῘιό,
482 1880 567 1926 Cap.
598 1878 685 1916 LVI.
734 1878 846 1923 Atque
872 1876 932 1913 ubi

258 1931 304 1966 de
328 1929 498 1974 ejusmodi
525 1940 563 1963 re
593 1925 780 1972 praesertim
807 1925 933 1971 ageba—

256 1984 333 2021 tur,
362 1988 437 2023 quae
451 1985 613 2022 magnam
625 1972 746 2010 Caesari
763 1972 930 2008 invidiam

256 2025 491 2066 conflaverat,
524 2031 627 2069 atque
653 2021 691 2057 in
723 2019 934 2058 criminatio-

256 2085 341 2110 nem
366 2073 454 2110 ‘laesae
482 2074 565 2116 juris
595 2070 750 2117 gentium
777 2068 934 2105 sauctita-

255 2121 300 2156 tis
321 2122 488 2157 eumdem
510 2120 720 2162 adduxerat3
747 2116 796 2153 ibi
817 2128 860 2152 eo
884 2117 934 2153 fa-

254 2166 356 2204 cilins
375 2167 450 2203 fieri
467 2169 606 2213 potuit,
632 2174 673 2203 ut
694 2165 742 2202 sui
766 2164 933 2210 quodam-

255 2215 366 2252 modo
406 2216 580 2262 purgandi
621 2213 722 2253 causa
762 2211 931 2254 nonnulla

982 543 1087 590 paulo
1112 543 1226 589 aliter,
1267 557 1373 591 quam
1398 556 1452 582 res
1475 545 1668 590 habuerat,

983 600 1196 639 exponeret:
1236 594 1538 640 quemadmodum
1563 595 1673 631 etiam

982 642 1082 677 initio
1102 643 1176 685 ejus
1191 642 1407 687 Fragmenti
1417 666 1427 682 ‚
1457 643 1502 680 de
1517 655 1585 689 quo
1600 642 1671 678 hoc

981 689 1062 725 loco
1078 690 1211 735 agimus
1226 717 1236 734 ,
1263 689 1362 726 haud
1379 690 1525 727 obscure
1550 691 1668 726 innuit

983 737 1125 780 Noster,
1153 736 1187 773 se
1202 738 1238 772 in
1254 749 1295 774 ea
1313 750 1351 774 re
1373 749 1448 773 non
1462 739 1566 774 nimis
1581 738 1670 774 fide-

986 796 1023 820 re
1058 793 1238 820 cAESARIS
1271 786 1487 828 narrationi,
1519 785 1669 833 sibique

989 830 1098 875 (alios
1119 831 1242 877 procul
1267 833 1375 870 dubio
1397 833 1561 879 probatos
1579 833 1671 871 Scri-

987 888 1103 925 ptores
1124 880 1167 916 de
1182 881 1306 917 eadem
1320 894 1358 918 re
1373 882 1589 918 conferenti)
1612 884 1673 917 vi-

987 929 1090 970 deri,
1116 928 1308 976 postquam
1333 930 1433 965 illam
1456 931 1499 965 de
1528 932 1673 975 equita-

988 982 1030 1009 tu
1072 974 1216 1018 affaris
1241 975 1434 1011 vinariam
1464 976 1672 1021 retuliffent

993 1023 1166 1057 Germani
1185 1047 1195 1062 ,
1235 1029 1312 1057 rum
1333 1026 1496 1069 primum
1528 1024 1674 1058 demum

988 1069 1128 1114 legatos
1152 1069 1204 1104 ad
1227 1069 1393 1116 Caesarem
1414 1069 1567 1117 misiffe3
1608 1072 1673 1106 Cae-

975 1116 1105 1162 sarem
1120 1128 1225 1159 vero,
1253 1122 1406 1154 retentis
1425 1120 1582 1164 legaris,
1609 1130 1670 1154 eos

987 1164 1056 1209 effe
1070 1164 1254 1200 adortum.
1280 1165 1349 1201 Sed
1367 1166 1404 1201 in
1421 1177 1461 1202 ea
1476 1173 1574 1211 parte
1592 1177 1669 1202 nar-

986 1212 1128 1247 rationis
1140 1238 1151 1254 ,
1161 1211 1223 1247 ubi
1234 1214 1397 1257 quaeritur
1406 1240 1417 1257 ‚
1439 1214 1564 1260 Caesari
1577 1215 1671 1261 quid

987 1259 1154 1296 dixerint
1174 1260 1289 1304 legati
1305 1261 1565 1297 Germanorum
1575 1263 1593 1297 ‚³
1622 1273 1668 1298 ne

986 1318 1141 1353 pugnare
1167 1307 1310 1353 quidem
1334 1315 1406 1344 tam
1429 1309 1559 1345 directa
1575 1309 1672 1345 fron-

985 1362 1020 1390 te
1046 1365 1128 1390 cum
1161 1363 1325 1391 CAESARE
1365 1365 1570 1393 APPIANUS
1603 1369 1668 1403 pu-

982 1401 1109 1437 tandus
1125 1401 1192 1443 est,
1218 1402 1301 1447 quin
1324 1403 1504 1439 conciliari
1522 1405 1615 1440 inter
1631 1404 1666 1441 se

981 1447 1086 1485 ambo
1101 1449 1316 1494 Scriptores,
1344 1450 1367 1485 fi
1389 1450 1426 1486 id
1441 1451 1527 1487 tanti
1548 1452 1666 1488 videa.

982 1503 1038 1532 tur
1049 1521 1059 1538 ,
1093 1496 1189 1532 facili
1206 1497 1356 1541 quadam
1372 1499 1507 1536 ratione
1521 1498 1667 1545 poffint.

982 1544 1075 1579 Nam
1085 1543 1123 1578 in
1131 1543 1365 1588 legat-ionibus
1380 1545 1447 1581 illis
1459 1572 1470 1589 ,
1492 1558 1576 1592 quas
1588 1547 1668 1591 plus

983 1590 1090 1628 semel
1109 1591 1202 1629 intra
1232 1603 1364 1638 paucos
1388 1593 1461 1630 dies
1488 1594 1533 1631 ad
1561 1594 1669 1632 Caesa-

984 1651 1060 1676 rem
1081 1640 1248 1678 miserunt
1276 1641 1494 1679 Germanicae
1516 1642 1585 1679 illae
1605 1656 1667 1680 na-

984 1688 1119 1730 tiones,
1156 1687 1260 1723 facile
1286 1689 1514 1735 intelligitur,
1553 1693 1667 1728 varios

982 1734 1158 1771 sermones
1182 1734 1273 1771 ultro
1294 1736 1451 1782 citroque
1477 1738 1662 1784 cecidiffe;

982 1781 1202 1828 Ufipetesque
1222 1782 1300 1819 illos
1324 1796 1365 1820 ac
1388 1785 1633 1823 Tenchtheros
1649 1813 1662 1830 ‚

980 1837 1020 1864 ut
1040 1829 1131 1866 solet
1149 1829 1217 1866 effe
1237 1830 1315 1866 leve
1333 1839 1438 1877 atque
1453 1834 1497 1869 ad
1517 1834 1665 1879 quodvis

981 1885 1202 1916 momentum
1256 1878 1387 1916 mobile
1439 1880 1663 1919 barbararum

981 1927 1139 1981 gentium
1160 1928 1358 1973 ingenium,
1395 1928 1516 1965 Caesari
1536 1942 1663 1976 urgen-

982 1980 1008 2008 tl
1021 2000 1032 2016 ‚
1075 1986 1188 2020 neque
1222 1986 1354 2010 moram
1386 1977 1553 2021 patienti,
1586 1979 1661 2021 jam
1713 1982 1716 1985 “

980 2020 1052 2058 hoc
1062 2048 1071 2064 ,
1097 2024 1168 2068 jam
1182 2021 1269 2059 illud
1279 2022 1487 2070 respondere
1500 2024 1657 2072 potuisse.

981 2069 1149 2117 Adeoque
1168 2083 1211 2108 ex
1229 2071 1296 2108 illis
1307 2071 1489 2120 colloquiis
1505 2074 1568 2111 alia
1583 2085 1659 2120 pars

981 2128 1001 2153 a
1037 2127 1204 2156 CAESARE
1230 2121 1266 2156 in
1294 2123 1566 2158 Commentariis
1591 2122 1658 2159 suis

981 2164 1089 2205 relata
1108 2167 1197 2211 effe,
1226 2167 1330 2214 poffit
1355 2170 1491 2215 putari;
1526 2169 1591 2205 alia
1613 2170 1657 2206 ab

980 2212 1049 2250 alio
1061 2214 1239 2261 scriptore
1251 2223 1540 2264 commemorata,
1552 2229 1660 2265 quem

1160 2265 1181 2308 Ι
