1990 2694
331 204 334 207 Α
385 167 447 214 88
704 187 723 215 ,·
790 167 1401 208 ΕΧΕΚΟῘΤΑΤῙΟΝΠΜ

386 283 482 317 cuo
511 273 555 316 in
577 270 683 314 hanc
706 271 909 329 Parthica
946 270 1115 325 lzistoriae
1141 273 1489 329 Compilationem
1514 268 1641 314 fuerit
1666 277 1802 314 trans-

385 330 480 374 lata.

502 395 542 430 6.
577 389 654 432 Sed
677 389 727 431 de
753 403 798 431 ea
842 390 1027 436 ratione,
1057 402 1145 430 non
1183 390 1311 438 nimis
1340 390 1506 445 quidem
1527 389 1693 438 callida,
1727 404 1808 444 qua

387 461 408 490 a
438 447 654 503 Craffianoe
675 449 918 491 calamitatis
946 447 1182 491 narratione
1214 447 1264 491 ad
1299 449 1411 492 illam
1445 453 1625 494 Antonii
1664 449 1805 493 Histo-

387 509 492 550 riam
522 507 751 562 progress'u‘s
774 507 829 550 est
860 507 988 550 homo
1025 507 1185 560 noster,
1216 523 1344 562 pauca
1378 509 1565 563 quaedam
1598 509 1805 551 monenda

379 564 635 623 supersunt..
711 617 716 622 ἤ
741 616 747 623 ⁴
1233 590 1237 597 -

499 631 651 671 Primo
674 627 808 674 enim,
842 640 1070 681 numquam
1094 627 1138 668 in
1162 624 1288 670 ullius
1310 626 1368 667 rei
1394 626 1461 669 vel
1476 625 1659 669 hominis
1685 641 1803 670 men-

386 687 544 728 tionem
560 719 572 737 ,
606 683 830 740 praesertim
852 683 1054 739 ejusmodi
1083 683 1290 739 personae,
1325 684 1442 739 cujus
1463 687 1668 741 primariae
1695 682 1807 740 quaess

381 745 475 787 dam
503 755 637 798 partes
666 743 792 787 eflent
815 745 860 786 in
883 759 927 787 ea
948 758 992 787 re
1010 775 1022 792 ‚
1054 744 1107 786 de
1124 758 1205 799 qua
1228 743 1423 799 agebatur
1440 774 1453 794 ,
1473 745 1630 787 'incidit
1650 757 1806 790 ΑΡΡΙΔ-

382 818 470 847 nus
486 834 499 852 ,
534 805 663 859 quin,
687 814 891 858 quantum
920 801 1012 846 satis
1038 802 1115 851 est,
1147 803 1291 845 doceat
1314 802 1537 847 studiosum
1565 806 1774 848 Lec‘torem
1790 836 1803 855 ,

380 879 476 921 quae
496 874 567 906 aut
589 865 725 922 qualis
751 863 820 906 illa
843 879 906 906 res
925 861 1003 906 sit?
1035 866 1104 921 qui
1134 861 1292 906 homo?
1326 865 1363 905 &
1392 880 1470 922 qua
1497 867 1680 920 ratione,
1712 868 1806 922 qui-

379 925 451 966 bus
462 923 591 978 causis
603 956 620 979 ,
640 921 791 964 factum
812 920 884 972 fit,
898 933 946 965 ut
955 926 999 965 in
1020 938 1110 964 eum
1123 924 1256 965 Iocum
1266 923 1516 982 statumque,
1534 937 1618 977 quo
1631 923 1805 977 quisquc

398 996 428 1024 n
460 981 641 1024 historiae
671 980 831 1024 scenam
867 983 1047 1037 primum
1073 981 1316 1033 inducitur,
1346 981 1608 1039 pervenerit?
1648 982 1725 1025 Sed
1759 984 1805 1024 in

380 1041 459 1085 hac
484 1043 689 1086 Parthicae
715 1043 1039 1100 Compilationis
1064 1051 1176 1096 parte
1203 1041 1321 1096 plane
1343 1044 1596 1085 contrarium
1628 1041 1715 1096 ejus
1741 1042 1802 1083 rei

357 1099 534 1152 *factum
559 1102 766 1145 videmus.
833 1101 1003 1149 Subito,
1032 1114 1078 1143 ac
1109 1099 1228 1144 velut
1249 1100 1299 1142 de
1327 1102 1431 1143 coelo
1457 1100 1629 1156 delapsi,
1663 1103 1701 1143 &
1727 1105 1804 1144 La-

378 1161 518 1202 bienus
529 1192 547 1215 ,
571 1163 641 1213 (p.
663 1171 759 1211 ¹55-
779 1165 911 1209 extr.)
940 1161 979 1199 &
996 1162 1345 1211 moxAntonius,
1367 1166 1435 1212 (p.
1458 1167 1551 1212 156.
1578 1160 1652 1212 A.)
1677 1160 1802 1201 indu-

377 1228 544 1261 cuntur.
608 1217 716 1268 Qis
744 1215 982 1258 mortalium
1018 1216 1221 1259 Labienus
1246 1216 1314 1258 ille
1341 1214 1500 1260 fuerit?
1541 1231 1679 1272 quove
1707 1215 1800 1260 casu

375 1281 443 1321 vir
467 1281 684 1321 Romanus
704 1289 753 1316 co
780 1274 1019 1322 devenerit,
1048 1284 1097 1317 ut
1121 1270 1379 1319 Parthorun'i
1397 1278 1480 1319 dux
1511 1277 1549 1318 &
1577 1277 1803 1331 imperator

383 1345 530 1379 contra
556 1336 768 1378 Romanos
795 1333 1048 1389 eligeretur?
1080 1333 1194 1388 quod
1218 1335 1368 1377 mirum
1391 1333 1484 1378 sane
1507 1335 1686 1390 quodam
1716 1350 1803 1378 mo·

381 1395 436 1438 do
452 1395 585 1437 videri
600 1393 776 1436 debebat
789 1394 976 1440 Lestori3
1006 1393 1048 1435 id
1063 1407 1116 1433 ne
1139 1408 1226 1435 uno
1248 1395 1415 1448 quidem
1437 1395 1567 1436 verbo
1589 1404 1799 1438 monetur.

376 1456 529 1509 Neque
551 1454 680 1508 magis
700 1452 953 1500 declaratur,
986 1455 1060 1506 qui
1076 1450 1225 1494 factum
1242 1451 1314 1501 fit,
1347 1464 1395 1495 ut
1419 1458 1629 1497 Antonius
1648 1456 1801 1509 potius,

378 1527 504 1568 quam
558 1511 707 1555 uilibet
741 1511 845 1553 alius
871 1512 1186 1558 Romanorum,
1220 1511 1372 1553 bellum
1408 1512 1515 1554 istud
1544 1524 1689 1569 contra
1710 1514 1803 1568 Par7

373 1571 472 1614 thos
485 1528 704 1625 suilceperit
714 1585 726 1617 3
767 1569 843 1612 ubi
858 1568 999 1612 saltem
1028 1582 1115 1611 uno
1140 1570 1269 1612 verbo
1291 1569 1722 1622 commonefaciendus
1735 1571 1803 1615 fu-

375 1642 465 1674 erat
478 1631 625 1672 Led‘tor
649 1629 697 1669 de
717 1636 892 1685 persona
913 1643 1182 1684 ANTONII,
1214 1631 1251 1671 &
1271 1630 1320 1672 de
1341 1630 1410 1672 illa
1436 1632 1658 1684 partitione
1673 1632 1802 1686 impe·
1822 1679 1825 1682 .

373 1691 428 1732 rii
466 1691 577 1731 inter
615 1690 875 1732 Triumviros
897 1720 914 1743 ,
947 1688 995 1729 de
1036 1701 1116 1740 qua
1153 1700 1378 1733 armanus
1418 1687 1616 1737 Civil.'V.
1644 1705 1681 1744 p.
1698 1700 1799 1741 709.

375 1748 548 1793 dixerat.
565 1748 729 1798 —Qi
761 1747 826 1788 ve'l
852 1744 1022 1788 summis
1047 1745 1163 1786 labiis
1190 1758 1380 1790 ΑΡΡΙΑΝῙ
1397 1748 1600 1801 Historias
1617 1748 1802 1803 degusta-

373 1809 461 1856 vit,
497 1821 594 1851 eum
618 1819 707 1848 non
733 1807 889 1860 poterit
923 1801 1108 1861 profecto
1145 1806 1337 1860 proprius
1371 1803 1507 1849 sensus
1528 1799 1619 1849 'non
1646 1806 1801 1850 condo-

1679 1879 1770 1909 cere
1786 1901 1799 1919 ,

378 1950 427 1987 ib.
442 1948 483 1986 C.
495 1947 572 1986 haec
581 1946 687 1986 verba
697 1947 893 1993 adjecerat:
908 1944 1027 1982 Τούτου
1037 1944 1066 1982 δὲ
1116 1946 1327 1994 eloquentia
1342 1971 1352 1988 ‚
1381 1942 1608 1992 simplicitas
1621 1973 1631 1990 ‚
1677 1949 1801 1986 crebra'

379 1999 480 2033 αἰτίαι
499 2000 631 2037 πλείονες
644 1993 720 2035 ἦσαν
732 2022 742 2039 ,
769 1996 843 2031 ὨΣ
861 2000 1067 2030 ΠΡΟΕΙΡΗ-
1116 1994 1223 2039 larga
1250 2005 1294 2028 ue
1307 1993 1577 2037 munzjicentiffi
1596 1992 1642 2036 ἓξ
1655 1998 1692 2036 in
1706 1999 1801 2039 jocis

377 2050 557 2082 KAMEN·
580 2044 737 2088 εὐγένεια,
751 2042 847 2082 λόγου
867 2041 1013 2085 δύναμις,
1032 2058 1065 2079 κ.
1117 2053 1162 2078 ac
1176 2052 1217 2078 co
1245 2043 1366 2088 oquiis
1393 2041 1556 2095 cqnzitas.
1585 2040 1671 2078 Haec
1694 2033 1801 2104 igitur

380 2108 411 2128 τ.
430 2103 462 2128 λ.
489 2096 574 2128 Com
605 2093 699 2128 tures
711 2098 835 2128 autem
854 2098 959 2127 erant
981 2102 1065 2127 cau·
1114 2090 1222 2126 verba
1240 2089 1298 2134 qui
1321 2098 1403 2124 eum
1420 2098 1461 2123 ns
1483 2088 1692 2134 contulerit,
1724 2104 1800 2138 quae

368 2141 448 2188 sle,
493 2104 934 2188 QUssAIADMODUM
954 2137 1069 2181 JAM
1115 2137 1211 2173 haud
1233 2137 1281 2173 ita
1308 2134 1420 2171 multo
1447 2135 1522 2180 post
1547 2137 1686 2182 initium
1712 2142 1800 2176 Vitae

373 2188 547 2225 SUPRA
577 2184 871 2229 DOCUIMUS,
914 2184 981 2223 c'ur
1010 2188 1068 2223 ita
1117 2185 1278 2224 Antonii
1292 2194 1421 2229 p.917.
1438 2183 1477 2220 C.
1489 2183 1531 2221 D.
1545 2184 1581 2221 E.
1595 2186 1689 2232 apud
1703 2199 1802 2223 eum-

383 2234 508 2281 affedii
533 2235 646 2281 effent
677 2235 833 2278 milites,-
868 2235 1065 2279 nobilitas,
1118 2232 1202 2269 dem
1229 2239 1517 2269 PLUTARCHUM
1547 2232 1740 2279 leguntur;
1771 2236 1800 2270 is
