1990 2694
244 144 340 210 ..33
598 191 600 193 v
694 148 1325 188 EXERCITATIONUM

797 259 1082 308 'SECTIO
1110 260 1179 309 V.

279 341 741 410 RecenfinturLibri
753 363 810 393 ex
827 341 1046 410 univerfiz
1063 360 1357 395 APPIANI
1369 345 1585 417 Historia
1602 347 1698 397 Ro-

680 429 825 460 mana
857 411 996 461 hodie
1004 409 1291 482 fitperstites.

396 501 463 544 De
490 498 687 545 universo
720 515 916 547 APPIANI
933 516 1057 558 opere
1070 533 1080 551 ‚
1111 503 1231 559 cnjus
1248 500 1430 558 fingnlos
1444 502 1574 545 libros
1591 507 1699 558 (Se-

275 559 402 605 dione
422 562 541 613 HI.)
575 558 881 611 recensuimus,
913 563 965 605 de
995 577 1079 617 quo
1106 564 1253 606 eodem
1273 561 1490 618 (Sedione
1508 568 1699 622 proxp'me

270 620 566 678 praecedente)
590 622 704 663 varia
737 622 940 664 Veterum
977 622 1255 671 Testimonia‚
1290 622 1428 677 quoad
1460 635 1506 664 ea
1530 622 1699 676 quidem

276 679 413 722 adhuc
432 680 481 722 ad
502 679 682 723 nostram
704 694 929 734 pervenere
949 683 1170 733 notitiam,
1204 682 1371 724 colleaa
1388 680 1574 726 dedimus
1587 681 1699 730 ‚-di-

276 740 404 782 midia
424 737 509 782 fere
532 753 624 794 pars
646 739 798 794 injuria
813 751 1048 795 temporum
1064 742 1211 795 peri-it:
1243 740 1293 793 a)
1326 741 1377 782 ad
1400 739 1578 783 nostram
1602 750 1699 784 aeta-

276 808 359 841 tem
379 829 391 847 ‚
426 810 574 854 praetet
600 803 850 857 Fragmenta
882 815 952 849 ea,
985 810 1057 842 aut
1080 804 1311 857 Excerpta,
1342 800 1393 842 de
1425 798 1580 855 quibus’
1603 814 1698 855 pto-

275 860 386 900 xime
414 858 622 907 diximus,
654 860 700 911 h)
725 873 811 901 non
838 858 1120 903 nifi‘undecim
1145 862 1268 914 libri,
1301 861 1375 912 qui
1397 859 1565 913 quidem
1598 874 1696 901 vete

277 931 474 976 Annam
502 917 581 961 sint
597 948 608 966 ‚
631 931 735 960 vcum
759 920 886 961 unius
909 918 1006 960 libri
1036 922 1230 977 Epitome
1242 951 1259 974 ‚
1287 927 1577 971 pervenerunt.
1645 918 1697 959 Et

280 978 706 1032 emroquuidem,
740 991 865 1032 quam
900 977 1006 1030 dixi,
1043 991 1227 1023 camum
1254 977 1308 1020 est
1336 990 1484 1025 mnu,
1508 976 1595 1032 five
1615 980 1696 1020 Hi-

265 1038 413 1092 storiae
445 1039 863 1082 Romano-Galliae
882 1070 897 1090 ,
929 1036 979 1078 ab
1018 1039 1177 1079 incerto
1209 1039 1401 1088 audium,
1433 1036 1574 1078 eadem
1611 1035 1695 1078 fere

278 1099 442 1138 ratione
458 1111 540 1150 qua
563 1096 700 1137 latina:
714 1108 836 1139 mvn
857 1097 1060 1138 librorum
1081 1101 1320 1153 Epitomoe,
1350 1093 1582 1138 breviffime
1597 1110 1695 1138 con.

276 1157 416 1197 traesta.
482 1155 652 1209 Reliqui
675 1165 812 1197 autem
837 1155 980 1203 Libri,
1015 1157 1110 1209 qui,
1143 1153 1224 1197 five
1248 1156 1364 1197 omni
1381 1169 1429 1195 ex
1446 1164 1581 1208 parte,
1609 1153 1693 1196 five

274 1214 425 1267 majori
451 1212 615 1261 saltem,
647 1214 801 1269 integri
830 1213 881 1255 ad
911 1228 988 1255 nos
1015 1223 1320 1267 pervenerunt,
1355 1211 1540 1255 bisunt:
1572 1214 1692 1255 Liber

275 1275 482 1329 Ibericus,
512 1265 815 1328 Annibaiicus,
845 1276 1030 1315 Punicus
1045 1305 1062 1327 ,
1092 1274 1314 1332 Illyricas,
1346 1274 1583 1331 Syriacus}
1599 1272 1694 1316 'Mi-

273 1335 520 1377 thridaticus
530 1364 549 1387 ,
581 1332 759 1385 denique
791 1334 838 1374 de
861 1333 993 1374 Bellis
1020 1333 1220 1375 Civilibus
1245 1333 1358 1375 Libri
1380 1334 1436 1374 V.
1500 1332 1693 1379 Quorum

273 1391 500 1444 Librorum
522 1401 571 1431 ut
590 1391 715 1443 paulo
737 1389 974 1431 uberiorem
1008 1390 1187 1443 aliquam
1214 1390 1407 1431 notitiam
1430 1389 1525 1430 cu'm
1553 1389 1694 1431 Led'to-

270 1449 389 1493 ribus
412 1449 564 1492 nostris
585 1447 779 1491 hocloco
809 1449 1191 1496 communicemus,
1225 1447 1404 1491 instituti
1423 1446 1553 1489 nostri
1587 1450 1692 1490 ratio

273 1509 479 1566 postulare
504 1509 686 1551 videtur.

348 1619 352 1622 .
394 1583 429 1626 Ι.
462 1582 531 1624 Est
557 1594 654 1634 ergo
686 1581 823 1633 primo
859 1577 979 1628 Liber
998 1593 1248 1623 mammos
1260 1581 1303 1636 J:
1334 1594 1698 1637 HISPANICUS,

274 1639 319 1686 id
340 1640 419 1689 est,
451 1642 499 1684 de
524 1641 641 1684 rebus
660 1642 945 1684 Romanorum
966 1642 1014 1681 in
1037 1640 1241 1697 Hispania
1265 1639 1394 1696 gestis.
1455 1639 1495 1681 Is
1520 1639 1563 1680 in
1592 1639 1691 1683 duas

272 1700 385 1756 quasi
407 1710 540 1754 partes
554 1698 820 1745 distributus,
853 1700 1033 1751 primum
1047 1712 1092 1739 ea
1109 1729 1122 1747 ,
1151 1713 1242 1752 quae
1258 1712 1355 1740 cum
1375 1696 1702 1752 Carthaginien-⁹

271 1759 384 1804 fibus
405 1761 452 1802 in
485 1756 678 1818 Hispania
700 1754 848 1813 geffere
877 1756 1058 1799 Romani
1069 1772 1081 1803 3
1111 1767 1226 1804 tum,
1258 1771 1351 1811 quae
1380 1770 1475 1798 cum
1495 1754 1588 1811 ipfis
1618 1758 1692 1799 Hi-

223 1831 226 1836 “
269 1820 429 1877 spanis,
462 1817 544 1862 five
578 1819 711 1862 Iberis
745 1815 829 1861 five
865 1816 1112 1870 Celtiberis,
1142 1817 1342 1873 exponit:
1376 1815 1420 1869 c)
1445 1826 1492 1860 ut
1511 1830 1597 1860 uno
1611 1816 1691 1866 hoc

268 1928 355 1964 νικῶν
372 1926 536 1967 Βασιλέων.
561 1923 617 1963 De
629 1922 688 1969 ista
703 1920 877 1960 scribendi
888 1932 956 1957 no·
1002 1928 1056 1958 rat
1071 1921 1260 1969 Scriptoris
1283 1922 1388 1959 nostri
1406 1920 1546 1968 libros)
1570 1921 1688 1970 negle-

268 1966 374 2013 niinis
401 1969 537 2012 {atione
555 1985 620 2020 pet
638 1969 786 2018 simplex
805 1985 831 2006 π
856 1970 952 2008 conf.
1002 1972 1049 2008 <sti
1066 1971 1182 2014 videri
1200 1970 1343 2018 possunt
1357 1998 1368 2017 ‚
1395 1971 1576 2018 perierunt
1595 1968 1701 2009 haud''

268 2024 373 2071 supra
395 2022 481 2059 Sed.
503 2024 533 2058 I.
559 2028 634 2057 not.
656 2021 690 2056 b.
1002 2020 1129 2066 pauci3
1157 2019 1217 2056 sed
1238 2021 1345 2057 etiam
1368 2020 1498 2057 horum
1514 2019 1686 2066 ipsorum,

321 2070 410 2108 Sea.
436 2072 474 2108 V.
502 2069 546 2108 a)
575 2069 660 2106 Non
679 2067 773 2105 enim
790 2077 832 2104 ex
853 2067 892 2104 iis
904 2067 956 2104 so·
1001 2080 1090 2114 quos
1118 2069 1335 2116 praelceteris
1361 2067 1563 2105 conservare
1592 2069 1688 2106 idem

269 2120 347 2165 lrum
364 2126 544 2156 ΑΡΡΙΑΝΙ
561 2116 694 2159 Libris,
722 2116 780 2161 qui
795 2116 954 2154 consulto
1002 2117 1063 2154 ille
1096 2116 1303 2154 selestorum
1340 2116 1523 2154 Librorum
1564 2117 1686 2155 Editor

266 2182 298 2207 a·
317 2165 528 2216 quibusdam
563 2164 888 2211 (quemadmodum
910 2165 954 2202 ab
1002 2165 1201 2208 studuerat,
1229 2166 1340 2210 major
1360 2177 1436 2212 pars
1452 2165 1643 2203 intercidit.

274 2217 472 2267 ,Anonymo
489 2212 553 2252 illo
563 2240 574 2260 ‚
600 2213 663 2260 qui
678 2212 820 2251 selectos
835 2213 955 2251 edide-
1053 2214 1093 2259 b)
1109 2213 1210 2255 ‚vide
1224 2213 1304 2253 secl.
1317 2213 1377 2252 IV.
1405 2225 1503 2253 num.
1519 2214 1575 2252 lv.
1593 2216 1625 2251 δι
1641 2213 1682 2253 V.
