1990 2694
593 139 616 178 1
630 136 674 178 N>
704 136 775 179 At·
787 135 819 179 Ρ
831 124 898 179 ΓΑ
910 138 947 177 N
960 121 1055 208 u'gi·
1089 121 1271 197 effer.
1290 133 1350 201 ‘V'
1402 146 1405 149 ·
1593 144 1598 151 ·
1627 138 1688 187 41

396 241 456 284 Ac
486 238 590 281 mihi
622 239 789 294 quidem
820 239 927 283 hanc
946 235 1153 284 Punicam
1178 236 1395 281 historiam
1411 238 1566 292 legenti
1589 239 1696 280 rele-
1759 254 1761 256 ·

276 296 635 357 gentique-visum
658 299 714 343 est
736 312 1071 356 nonnunquam,
1100 314 1182 344 non
1191 300 1307 358 sinis
1321 300 1521 356 integrzim
1539 311 1631 340 eum
1647 298 1698 340 li-

277 360 430 407 brum,
470 358 593 414 paulo
611 359 699 414 post
722 360 960 412 exordium,
991 359 1042 402 ad
1078 374 1153 402 nos
1181 356 1420 414 perveniise.
1484 357 1549 401 De
1576 355 1694 404 Atilii

283 429 403 462 certe
418 417 569 474 Reguli
604 418 797 464 adversus
842 416 1198 474 Carthaginienses
1228 418 1520 473 expeditione,
1569 416 1690 471 cujus

283 475 557 520 describendae
580 481 770 533 proprius
804 477 884 521 hoc
912 478 1020 520 libro
1045 478 1162 520 locus
1195 489 1308 525 erat,
1343 479 1468 519 nimis
1494 475 1695 531 quodam-

276 536 427 586 mod0‚
476 551 550 591 pro
581 551 626 579 ea
656 537 823 592 quidem
858 538 1019 580 ratione
1052 550 1175 591 quam
1218 537 1463 591 ceteroquin
1491 537 1536 577 in
1565 534 1691 578 rebus

282 593 516 650 hujusmodi
546 596 799 650 exponendis
840 593 954 652 sequi
979 594 1081 638 solet
1111 607 1339 652 nunnus
1358 624 1371 643 ‚
1404 594 1539 636 stridta
1569 606 1693 654 atque

278 654 439 700 concisa
468 655 683 707 videbatur
714 657 909 701 narratio.
926 655 969 711 s
958 655 989 708 )
1049 654 1126 699 Sed
1155 656 1266 700 illam
1296 652 1566 710 suspicionem
1602 667 1693 696 non

274 712 407 757 solum
428 715 564 766 auxit,
597 728 745 757 verum
783 716 906 757 etiam
926 716 1046 771 plane
1076 711 1363 767 confirmavit,
1397 713 1512 769 quod
1532 715 1579 755 in
1600 714 1693 757 Ibe-

276 812 332 856 jus
358 812 390 846 δε
420 811 490 855 jam
522 821 618 846 nunc
649 809 812 857 praeclara
835 811 873 846 in
894 820 962 848 ΔΡ.
1010 812 1128 855 bium,
1155 811 1238 858 quin
1253 822 1293 847 ea
1313 809 1415 855 hujus
1429 809 1500 846 loci
1523 808 1696 858 sententia

282 867 448 895 PIANUM
478 857 631 893 nostrum
660 859 783 895 merita
807 859 958 903 exstant,
1009 859 1069 899 fit,
1098 871 1202 905 quam
1225 858 1337 901 (ficut
1355 858 1502 895 aliorum
1522 857 1691 904 plurimo-

278 908 312 942 &
333 905 432 952 plura
458 917 596 950 quoque
617 906 783 951 deinceps
811 906 880 943 effe
906 906 962 943 fu-
1009 919 1088 942 rum
1122 908 1269 945 austeris
1295 905 1400 941 nostri
1428 905 1589 941 locorum
1618 905 1692 941 sen‘-

279 960 378 993 tura,
406 952 559 989 confido.
606 955 726 998 >Atque
748 964 788 989 eu
818 954 960 999 quidem
1009 954 1106 993 sum,
1141 954 1199 998 qui
1226 953 1282 989 vel
1311 953 1530 988 librariorum
1565 952 1692 998 culpa,

279 1002 413 1047 ratione
434 1001 597 1045 antiquus
621 1000 748 1036 latinus
769 1002 961 1045 interpres,
1013 1000 1068 1037 vel
1089 1001 1277 1037 Editorum
1291 1026 1302 1044 ,
1331 1001 1489 1044 corrupti
1512 1000 1620 1035 ho'die
1645 999 1696 1036 le-

281 1056 442 1084 PETRUS
497 1055 706 1085 cANmnus
756 1047 813 1083 vel
850 1047 966 1092 legisse
1016 1049 1160 1093 guntur)
1185 1046 1471 1092 acute-'expreffit
1481 1046 1696 1083 doetissimut

280 1094 378 1133 hunc
394 1094 535 1137 locum,
563 1093 620 1131 vel
643 1093 763 1130 saltem
781 1093 968 1131 intellexis-
1015 1094 1103 1131 alter
1123 1096 1294 1141 interpres
1310 1103 1600 1132 SIGISMUNDUS
1626 1103 1698 1131 GE·

281 1143 337 1184 se,
365 1144 475 1179 videri
490 1143 618 1188 potest3
647 1154 751 1188 quem
763 1142 879 1179 locum
893 1143 965 1186 ille,
1017 1152 1168 1179 LENIUS
1187 1155 1196 1181 :
1223 1143 1388 1189 reversus
1409 1143 1457 1189 ql}
1466 1151 1629 1190 paratus
1641 1143 1695 1179 ad

280 1191 405 1227 omisso
431 1189 603 1226 vocabulo
628 1188 765 1232 ἕτοιμος,
794 1190 840 1226 fic
861 1192 966 1227 inter-
1000 1192 1234 1237 fitpplicium
1249 1210 1263 1233 ,-
1308 1190 1368 1225 nifi
1397 1190 1493 1235 quod
1521 1202 1565 1226 ex
1601 1190 1695 1227 MSti

285 1246 442 1285 pretatus
462 1236 530 1273 est:
558 1238 619 1272 Ita
637 1238 893 1282 carthaginem
912 1249 965 1274 re·
1012 1237 1216 1284 Augustani
1249 1237 1447 1283 praescripto
1486 1237 1611 1274 melius
1643 1238 1694 1274 im

283 1286 432 1333 versus,
470 1295 584 1321 cavea
607 1285 722 1320 clavis
745 1287 962 1321 circumval-

283 1335 364 1370 lata
375 1333 531 1379 inclufiaes
542 1358 555 1375 ‚
567 1331 821 1378 exstinguitur.
847 1333 892 1369 At
905 1345 956 1369 ve-

283 1393 345 1424 r0,
373 1382 432 1427 qui
448 1391 528 1417 cum
547 1378 600 1414 his
619 1378 733 1415 latinis
743 1379 862 1416 Graeca
880 1391 964 1416 con-

280 1429 418 1471 tulerit,
453 1428 482 1462 is
505 1426 609 1462 facile
632 1426 693 1462 fibi
714 1426 958 1472 persuadebit,

282 1477 510 1521 interpretem
538 1484 669 1509 nomen
703 1473 791 1510 illud
813 1500 825 1518 e
877 1477 961 1510 Car-

282 1524 466 1568 thaginem
480 1547 492 1564 ‚
519 1531 563 1557 ex
585 1519 741 1566 sequenti
762 1533 852 1558 voce
878 1527 961 1565 Καρ-

283 1569 414 1614 χηδόνιοι
445 1567 658 1615 expreffiffe,
697 1576 801 1615 atque
827 1569 892 1605 tria
919 1580 961 1606 ea

280 1618 408 1660 verba,
444 1617 489 1653 de
520 1616 644 1661 quibus
668 1627 733 1653 nos
757 1617 961 1665 quaerimus,

281 1667 319 1707 εἷς
343 1668 448 1704 λίμνην
472 1663 616 1707 ἕτοιμος,
651 1663 720 1700 five
748 1664 843 1710 quod
864 1676 906 1701 ea
928 1666 966 1700 in

282 1712 344 1750 suo
379 1710 570 1757 exemplari
603 1722 677 1746 non
713 1712 861 1759 legerit,
898 1711 967 1748 five

286 1761 382 1807 quod
401 1772 474 1796 non
492 1757 706 1795 intellexerit
719 1786 730 1803 ,
748 1759 861 1805 “plane
883 1771 968 1805 prae-

284 1808 421 1847 teriiss'e.
476 1807 579 1853 Atqui
606 1819 646 1843 ea
674 1806 801 1851 verba,
836 1819 910 1852 quae
928 1808 966 1842 in

283 1857 496 1903 Augustano
518 1855 623 1891 etiam
641 1855 787 1901 codice,
804 1854 902 1890 *ficut
924 1855 961 1889 in

283 1902 475 1951 impressis,
518 1901 747 1945 exhibentur,
781 1900 842 1937 nisi
866 1902 963 1947 quod

283 1964 348 1999 pro
369 1951 487 1993 ’ἕτοιμος
512 1950 646 1996 legatur
660 1947 800 1991 ιἕτοιμον,
828 1960 871 1985 eo
900 1950 964 1986 mi-

283 2006 350 2037 nus
359 2000 522 2037 videntur
533 1996 740 2042 negligenda
748 2023 759 2040 ‚
772 2009 840 2043 quo
851 1998 963 2043 aptior

284 2047 482 2091 sententia,
530 2046 555 2082 si
587 2044 791 2081 leviffimam
828 2045 964 2082 adferas

286 2097 517 2132 mutationem
533 2121 545 2138 ,
572 2105 718 2139 eamque
739 2093 884 2129 omnino
905 2104 968 2131 ne-

287 2143 463 2179 cessariam
476 2169 489 2186 ‚
515 2141 638 2178 iisdem
658 2140 868 2179 continetnn

335 2190 430 2228 Mihi
469 2190 615 2236 quidem
649 2184 788 2229 nullu'm
820 2188 868 2227 est
903 2188 969 2227 du-

1013 1285 1099 1321 verti
1121 1285 1280 1321 videatur
1297 1311 1308 1328 ,
1348 1285 1400 1321 ad
1432 1285 1698 1322 PARATUM

1007 1333 1257 1380 supplicium,
1285 1332 1338 1368 ad
1355 1335 1540 1372 cruciarus
1552 1344 1612 1369 eos
1627 1335 1695 1380 qui

1010 1381 1111 1416 iHum
1138 1388 1148 1419 t
1164 1379 1395 1424 Carthagine)
1418 1381 1628 1416 manebant.

1057 1428 1182 1472 Neque
1200 1439 1282 1463 vero
1297 1427 1490 1463 admodum
1503 1427 1693 1463 obscurum

1007 1474 1119 1510 videri
1152 1474 1282 1516 debet,
1320 1478 1424 1513 λίμνην
1460 1486 1503 1511 ex
1530 1480 1692 1510 ATMHE

1007 1520 1076 1558 effe
1110 1528 1335 1578 corrup-tum3
1373 1533 1443 1567 quo
1465 1522 1608 1567 quidem
1630 1533 1695 1557 no-

1010 1569 1130 1612 mine,
1158 1568 1197 1604 id
1219 1568 1332 1614 ipsum
1346 1594 1357 1609 ,
1389 1570 1485 1614 quod
1507 1569 1691 1614 volumus,

1010 1615 1245 1662 significante,
1272 1616 1354 1652 alibi
1374 1617 1480 1653 etiam
1497 1618 1607 1654 utitur
1629 1626 1697 1653 ΑΡ-

1016 1673 1179 1700 prmus.
1206 1665 1263 1700 Sic
1278 1665 1372 1700 enim
1389 1666 1494 1700 civil.
1515 1665 1552 1701 L.
1567 1666 1590 1700 Ι.
1614 1677 1695 1711 ρας.

1014 1724 1096 1755 400.
1120 1712 1158 1747 B.
1185 1712 1446 1756 conjunguntur
1474 1717 1614 1747 ΛΥΜΑΙ
1640 1716 1698 1747 καὶ

1008 1757 1138 1794 ’θοίναἹοι
1171 1761 1226 1793 καὶ
1262 1757 1416 1799 δημεύσεις
1433 1786 1443 1801 ,
1481 1762 1693 1803 cruciatus,

1013 1806 1120 1843 caedcs
1143 1818 1187 1843 ac
1206 1806 1507 1855 prffcriptiones.
1544 1808 1602 1845 Sic
1619 1819 1695 1844 rur-

1008 1853 1064 1889 sus
1087 1854 1124 1889 in
1143 1854 1290 1899 Fragm.
1305 1855 1358 1891 X.
1385 1854 1481 1900 apud
1499 1864 1693 1892 URSINUM

1010 1912 1045 1947 p.
1063 1912 1127 1944 351
1143 1928 1154 1945 ,
1185 1901 1279 1947 quod
1299 1912 1343 1939 ex
1367 1903 1501 1938 Celtico
1522 1902 1613 1938 libro
1633 1913 1693 1938 ex-

1011 1956 1175 1995 cerptum
1213 1949 1279 1993 est,
1330 1949 1485 1994 Κορνήλιος
1500 1974 1513 1993 ,
1554 1950 1691 1996 inquit,

1012 1997 1185 2041 Βρὶἲόμαριν
1204 1997 1314 2037 μόνον,
1339 1994 1408 2037 ἦγεν
1427 1997 1628 2038 αἶκμοίλωῖον
1642 2000 1694 2034 ἐπὶ

1013 2050 1163 2081 ΛΥΜΗ..
1197 2046 1309 2082 Unum
1325 2047 1560 2082 Britomarim
1576 2050 1693 2094 capti-

1011 2105 1103 2129 vum
1128 2094 1295 2131 abduxit
1318 2094 1520 2137 Cornelius,
1544 2097 1694 2139 gravio-

1015 2141 1116 2180 ribus
1170 2143 1393 2179 cruciatibus
1439 2142 1689 2188 'refer-vatum.

1016 2187 1180 2236 Itemque
1220 2189 1328 2229 verbo
1367 2189 1572 2233 λυμαίνεσθαι
1613 2200 1698 2229 cum

1174 2238 1207 2280 F
