1990 2694
283 144 347 195 58
670 144 1307 194 -EXERCITATIONUM
1369 152 1407 156 ””

287 246 424 293 secum
452 247 731 303 reputaverit,
765 259 885 301 quam
912 259 1056 300 parum
1082 244 1295 300 probabile
1325 244 1396 295 (it,
1429 245 1641 289 hominem
1662 247 1710 288 li··

291 320 494 356 terarum,
531 309 600 360 qui
626 307 804 360 primum
836 306 981 347 Romae
998 302 1072 347 sub
1095 301 1181 359 ipso
1206 306 1508 359 Imperatorum
1546 304 1718 359 conspe-‚

294 371 416 411 &uin
445 364 569 408 causis
593 362 761 420 agendis
786 360 919 406 fuiffet
938 361 1146 411 versatus,
1181 366 1254 419 qui
1279 363 1377 406 'dein
1400 367 1444 407 in
1461 363 1711 408 nobiliffima

294 427 534 483 provincia,
573 425 796 476 eademque
822 424 1032 465 literarum
1055 423 1199 466 studiis
1225 438 1275 473 eo
1296 422 1383 477 ipso
1414 435 1601 477 tempore
1632 423 1713 467 flou-

294 483 543 532 rentissima,
584 483 633 524 ad
674 484 921 538 praecipuam
961 482 1204 538 dignitatem
1237 480 1372 526 fuiffet
1399 484 1589 533 evestus,
1624 495 1712 527 tam

294 559 438 600 parum
461 558 624 598 parcere
647 540 726 585 suae
749 541 864 584 famae
889 541 1086 594 voluisse,
1115 553 1182 591 ut,
1211 557 1303 585 cum
1327 545 1365 586 ἃ
1404 544 1587 587 nominis
1612 545 1714 586 cele.

295 606 462 646 britate‘
481 603 542 660 g)
565 605 601 644 &
626 603 807 643 muneris
829 602 1028 656 dignitate
1052 603 1162 645 iuter
1196 615 1352 645 ceteros
1380 599 1625 655 conspicuus
1658 600 1714 644 es—

293 662 376 714 set,
411 677 525 706 nunc
544 659 727 704 miseram
747 662 925 717 aliquam
946 662 1278 717 compilationem
1293 692 1305 711 ,
1339 677 1385 705 ex
1403 664 1593 716 proximo
1611 677 1715 717 quo.

296 739 376 779 que
403 725 441 765 ἃ
469 722 668 764 mediocri
687 735 732 762 ac
754 722 928 762 minoris
950 722 1108 763 ordinis
1134 722 1365 775 Scriptore‚
1395 724 1498 776 quin
1522 724 1645 763 etiam
1664 737 1713 763 ex

297 784 428 827 coaevi
455 779 677 836 praesertim
697 777 771 822 fibi
785 781 1005 836 Scriptoris
1026 780 1148 835 paulo
1171 783 1323 823 antein
1347 781 1478 824 lucem
1506 781 1627 824 editis
1642 797 1713 824 vo-

296 841 554 889 luminibus,
587 838 903 883 consarcinatam
928 854 1004 894 pro
1019 842 1291 896 Hzstoriarum
1314 845 1598 885 Romanarum
1621 846 1717 886 Cor-

293 918 423 962 pore,
454 900 572 955 cujus
600 897 683 955 ipse
711 897 749 942 se
773 902 981 943 auetorem
1017 899 1309 956 profiteretur,
1343 902 1387 942 in
1413 901 1567 956 vulgus
1594 901 1713 944 edere

298 977 387 1005 non
422 958 695 1003 dubitaviffet.
908 998 910 1001 .

422 1019 475 1061 V.
513 1021 570 1061 Ae
600 1033 652 1060 ne
682 1028 834 1059 temere
859 1031 881 1058 a
916 1016 1068 1064 nobis,
1101 1027 1172 1059 aut
1206 1019 1336 1059 nimio
1368 1017 1546 1072 quodam
1574 1020 1616 1060 in
1643 1033 1738 1060 no·-

302 1078 429 1122 strum
453 1079 703 1132 Scriptorem
727 1076 885 1124 studio,
928 1075 1081 1117 dietum
1110 1074 1191 1118 hoc
1206 1078 1414 1120 videatur.
1448 1078 1557 1132 quod
1576 1081 1622 1121 de
1632 1083 1720 1122 Au-

302 1140 474 1181 c‘loribus
498 1139 551 1180 ab
571 1150 815 1180 APPJANO
845 1139 984 1177 citatis
1008 1137 1276 1183 monuimus;
1309 1136 1417 1178 haud
1441 1137 1512 1179 abs
1540 1152 1582 1179 re
1615 1142 1716 1187 erit,

301 1196 447 1240 seriem
471 1209 618 1240 eorum
646 1195 903 1250 Scriptorum
919 1223 932 1242 ‚
964 1203 1174 1249 quotquot
1200 1195 1251 1237 ab
1275 1195 1419 1237 eodem
1446 1198 1591 1240 citatos
1620 1211 1719 1240 eno.

302 1259 509 1305 mimus,
540 1254 735 1298 hocloco
759 1253 980 1309 adponere.
1043 1254 1126 1297 Eos
1140 1265 1275 1297 autem
1301 1269 1375 1308 pro
1397 1266 1629 1310 temporum
1654 1271 1719 1298 or.

304 1317 428 1364 dine,
457 1317 501 1357 in
519 1327 700 1369 quorum
722 1324 955 1368 temporum
973 1312 1097 1355 rebus
1115 1313 1234 1367 gestis
1258 1313 1319 1356 illi
1335 1312 1549 1369 scriptores
1571 1315 1623 1357 ab
1649 1330 1723 1360 AP-

303 1387 448 1420 ΡιΑΝο
474 1372 679 1421 ὀίεαηωτ,
718 1372 920 1415 collocare
936 1401 948 1419 ,
983 1370 1354 1416 commodiffimum
1378 1377 1630 1428 putavimus.

424 1445 463 1475 Ι.
493 1433 628 1487 Igitur
649 1431 829 1485 primum
855 1433 898 1472 in
930 1433 1084 1474 Celtico
1104 1432 1237 1486 libro,
1266 1432 1339 1474 ubi
1363 1431 1566 1475 Dorsonis
1591 1433 1724 1487 cujus.

301 1492 419 1542 dam,
448 1489 694 1541 sacerdotis,
711 1501 794 1533 tam
818 1488 978 1533 felicem
998 1503 1119 1545 quam
1136 1489 1365 1547 religiosam
1388 1490 1595 1536 audaciam
1611 1507 1723 1537 com.

302 1553 579 1598 memoravit,
605 1552 715 1604 qui,
747 1548 900 1592 obseffo
933 1564 955 1591 a
981 1551 1114 1592 Gallis
1144 1551 1373 1604 Capitolio,
1408 1550 1574 1594 solenne
1605 1552 1717 1596 sacri-

303 1610 450 1656 ficium
483 1611 531 1651 in
555 1608 691 1652 Vestae
714 1610 869 1664 templo
894 1610 1156 1663 peracturus,
1189 1623 1239 1651 ex
1262 1623 1353 1652 arce
1380 1624 1452 1666 per
1470 1612 1626 1655 medios
1648 1613 1724 1656 ho-

345 1730 392 1777 g)
419 1729 525 1767 Certe
555 1727 710 1765 nominis
742 1726 793 1765 sui
815 1726 998 1765 celebrita-
1045 1729 1133 1771 θεῖν,
1162 1728 1222 1765 ἕσΊι
1240 1737 1292 1770 μοι
1316 1733 1371 1765 καὶ
1390 1734 1454 1776 περὶ
1475 1732 1582 1769 τούτου
1599 1737 1723 1779 συΓγρα.

303 1784 378 1828 tem
426 1776 607 1821 (minime
640 1776 785 1823 quidem
820 1774 995 1822 gloriose,
1046 1775 1102 1816 ovi.
1148 1779 1281 1814 Caetera
1318 1781 1383 1827 qui
1413 1782 1516 1816 volet
1550 1782 1625 1823 (de
1652 1784 1721 1820 vita

304 1825 365 1863 sed
390 1827 544 1872 ingenua
560 1824 620 1861 illa
642 1823 889 1871 simplicitate,
918 1835 995 1870 quae
1044 1823 1150 1864 mea]
1161 1825 1285 1872 scite,
1309 1838 1355 1863 ex
1370 1831 1645 1867 Commentariis
1657 1844 1722 1868 πο.

303 1875 343 1910 in
366 1873 527 1911 universo
549 1881 725 1910 APPIAm
750 1883 856 1918 opere
876 1872 992 1918 perlu·
1032 1873 1122 1919 stris
1135 1874 1179 1910 de
1196 1885 1237 1910 eo
1247 1883 1464 1920 argumento
1466 1877 1625 1925 scriptis
1634 1887 1722 1927 pot.

305 1922 391 1966 cet)
422 1922 459 1958 in
495 1921 567 1959 fine
597 1922 771 1958 Prooemii
805 1931 886 1956 cum
919 1919 993 1956 aliis
1041 1923 1112 1957 erit
1135 1922 1354 1970 cognoscere.
1568 1955 1572 1958 .

301 1970 441 2015 «verbis,
482 1978 560 2008 tum
586 1969 641 2006 his
661 1967 742 2015 ipfis
764 1968 919 2005 indicare
945 1968 995 2005 vi·
1090 1971 1140 2011 lz)
1173 1969 1217 2007 In
1248 1972 1438 2019 excerpto
1466 1972 1559 2017 apud
1596 1982 1720 2012 VALE-

306 2020 432 2063 detur,
459 2029 588 2065 quum,
612 2019 764 2066 quinam
775 2015 991 2063 autemstm.
1043 2027 1148 2055 snm
1170 2031 1206 2064 p·.
1226 2031 1306 2065 557·
1340 2021 1403 2056 ubi
1430 2020 1468 2055 in
1489 2020 1554 2056 Ms.
1578 2022 1719 2068 quidem

306 2066 443 2111 inquit,
475 2067 611 2103 harum
643 2063 875 2109 historiarum
893 2064 993 2111 firi·
1040 2065 1176 2106 Καῦσιος
1201 2074 1296 2111 erat3
1323 2067 1419 2113 quod
1447 2069 1539 2104 reete
1557 2080 1576 2104 a
1599 2079 1723 2107 VALE·

300 2121 420 2163 pror,
446 2113 574 2149 multis
592 2117 721 2147 notum
739 2111 808 2158 est.-
833 2114 889 2152 Τίς
908 2110 937 2148 δὶ
953 2111 991 2149 ὢν
1042 2120 1109 2151 εῐο
1136 2115 1174 2150 in
1192 2114 1330 2155 Κάσσιος
1355 2123 1527 2153 mutatum
1548 2117 1694 2155 videtur.

306 2162 417 2199 ταῦτα
430 2161 636 2206 συνέγραψα,
650 2162 750 2195 πολλοὶ
769 2163 822 2200 μὲν
842 2160 928 2196 ’ἴσοισι
943 2187 952 2197 .
981 2188 989 2197 .
1089 2164 1120 2201 ι’)
1152 2162 1251 2199 Νοιῗ.
1276 2165 1392 2201 Attic.
1419 2164 1457 2201 L.
1472 2164 1584 2202 XVIL
1609 2178 1641 2203 c.
1658 2178 1717 2203 21.

307 2212 363 2247 aa)
391 2207 419 2246 εἴ
440 2224 485 2255 τῳ
512 2204 630 2246 acvb?
651 2210 706 2244 καὶ
731 2207 773 2245 ταὶ
802 2207 899 2245 λοιποὶ
927 2223 993 2251 μοι·
1088 2210 1130 2255 k)
1153 2219 1321 2249 PLINIUS
1335 2210 1424 2260 HJst.
1433 2214 1520 2251 Nat.
1531 2213 1607 2252 Lib.
1619 2215 1719 2253 XIII..
