1990 2694
511 141 534 177 1
550 141 587 177 u
623 140 694 178 Ar
707 140 735 178 Ρ
750 139 970 178 tanum
984 138 1187 177 “snc’rx
1214 140 1249 177 v
1261 140 1298 177 1.
1552 129 1615 186 ἔτι

208 241 430 288 fuerit'ille
461 240 635 295 populus
657 256 708 284 eo
737 250 947 296 tempore,
982 255 1067 295 quo
1094 240 1283 294 primum
1313 239 1443 283 bellis
1465 237 1625 286 misceri

192 307 307 347 'cum
337 303 534 345 Romanis
563 302 706 355 coepit,
738 301 940 343 nonnulla
966 299 1117 355 inipso
1145 300 1260 342 Libri
1285 300 1471 343 Exordio
1500 316 1624 355 expo-

208 372 350 408 nerem
379 362 600 405 Parthicus
618 360 688 403 hic
703 359 807 407 liber
824 369 932 402 unus
946 360 1001 402 est
1015 373 1065 402 ex
1078 358 1299 412 omnibus,
1321 362 1396 415 qui
1414 372 1620 405 APPIANO

209 421 431 469 tribuitur,
463 422 508 462 in
532 434 615 475 quo
640 434 692 461 ne
715 419 931 474 vestigium
954 419 1120 473 quidem
1142 419 1272 460 ullum
1302 421 1625 472 earumixerum

209 490 410 524 occurrat.
462 480 546 530 ,sed
567 480 764 521 nimirum
786 480 965 522 Exordii
986 476 1203 519 loconihil
1224 478 1335 520 aliud
1357 480 1430 521 ibi-v
1442 480 1621 535 legitur,

209 539 287 583 nisi
305 541 451 584 lacinia
471 536 742 593 quaedamssex
752 535 932 597 Syr-iaco
949 549 1140 581 APHANI
1157 537 1288 586 libro,
1312 542 1436 593 (pag.
1458 550 1551 584 120.
1570 540 1619 582 A.

208 601 254 646 13¹.
279 602 327 646 C.
343 602 360 653 )
376 598 447 642 ubi
461 600 506 640 in
517 599 771 642 Parthorum
794 598 1047 639 mentionem
1066 595 1365 645 illeinciderat‚
1395 597 1479 641 huc
1492 609 1625 641 trans-

207 659 365 713 scripta.
400 660 541 712 Qum
560 668 785 702 APHANUS
808 665 969 704 autem,
1003 651 1242 710 ubicunque
1262 657 1421 700 ordinis
1436 668 1508 700 aut
1533 671 1623 712 per-

207 719 432 775 spicuitatis
464 718 568 759 ratio
587 715 839 771 postulabat,
873 726 921 757 ut
939 729 1011 763 ea,
1039 714 1088 756 de
1105 714 1258 769 quibus
1283 718 1364 770 alio
1391 716 1622 770 loeo-dixe-

208 786 272 821 rat
292 778 359 819 vel
384 777 565 819 dicturus
588 785 697 824 erat,
731 773 814 817 sive
836 774 1032 818 brevibus
1055 774 1193 817 verbis
1220 781 1448 830 repeteret,
1482 773 1623 820 fivein

208 834 442 881 transcursu
464 845 675 889 tangeret,
707 848 933 888 numquam
957 847 1045 877 non
1064 833 1114 876 ad
1139 849 1235 876 eum
1260 834 1396 891 locum
1409 835 1625 892 ablegave-

208 899 264 939 rit
286 898 472 938 Letiorcs
491 892 603 942 suos,
641 908 724 948 quo
744 894 812 935 vel
830 904 947 936 antea
962 893 1010 935 de
1035 907 1080 935 ea
1106 907 1148 934 re
1171 891 1329 936 dixiffet
1349 896 1414 937 vel
1428 895 1623 950 deinceps

207 955 335 1000 fufius
357 952 449 996 effet
471 953 654 995 dicturus
673 969 685 999 ;
718 952 798 995 hoc
816 952 907 995 loco
921 954 1083 995 nullum
1110 952 1309 995 indicium
1332 954 1482 1009 adjecit
1500 946 1627 998 Corn*-

209 1015 380 1070 pilator,
415 1027 465 1054 ex
486 1027 570 1066 quo
595 1009 785 1065 suspicari
805 1010 930 1065 poss'et
956 1014 1122 1057 Lector,
1162 1013 1350 1053 laciniam
1376 1028 1464 1054 eam
1482 1013 1556 1056 effe
1575 1013 1629 1056 ad

210 1073 384 1116 verbum
412 1086 461 1113 ex
484 1082 674 1115 ΑΡΡΙΑΝΙ
697 1073 877 1130 Syriaco
916 1068 1171 1125 descriptam.
1234 1072 1450 1115 Nimirum
1471 1086 1628 1117 ΑΡΜΑ-

208 1146 262 1176 Nl
285 1132 375 1173 stilo
391 1159 404 1178 ,
437 1132 507 1184 qui
531 1132 577 1170 in
598 1127 685 1182 ipso
706 1131 1008 1182 compilationis
1026 1130 1137 1170 illius
1166 1129 1548 1185 initioconspicuus
1567 1131 1627 1175 es-

211 1190 292 1239 set,
326 1203 466 1244 capere
494 1189 685 1231 Lectores
712 1185 886 1240 voluifl'e*
908 1186 1074 1232 videtur
1113 1187 1283 1230 callidus
1310 1188 1475 1240 homos
1496 1203 1545 1235 ut
1570 1192 1624 1235 ad

210 1260 454 1295 APHANUM
479 1249 687 1290 auctorem
719 1245 872 1289 referre
900 1245 1009 1289 hanc
1034 1255 1163 1288 totam
1186 1245 1450 1302 scriptionem
1474 1264 1526 1292 ne
1548 1250 1627 1295 du..

207 1305 414 1353 bi'tarcnt:
449 1305 846 1349 verendum-autem
880 1317 990 1355 erat,
1024 1319 1076 1347 ne
1098 1320 1185 1347 non
1206 1304 1336 1350 solum
1367 1311 1412 1350 in
1437 1324 1526 1352 eam
1550 1311 1628 1353 du-

208 1369 453 1411 bitationem
472 1364 703 1407 inciderent
727 1365 916 1407 Lectores
932 1394 944 1413 ,
975 1362 1003 1406 fi
1024 1362 1175 1406 scirent
1190 1394 1204 1412 ,
1233 1381 1283 1408 ex
1306 1368 1389 1409 alio
1426 1376 1623 1414 APPIANI

209 1428 318 1469 libro
339 1434 473 1473 totum
500 1423 603 1476 illud
636 1423 927 1478 Fragmentum
954 1421 1027 1465 effe
1058 1423 1108 1465 ad
1138 1426 1313 1468 verbum
1346 1424 1624 1482 descripturus

208 1484 274 1529 sed
292 1485 412 1526 etiam
423 1513 435 1531 ‚
451 1497 503 1524 ne
519 1496 640 1537 quam
656 1483 831 1524 maxime
847 1484 892 1524 in
904 1482 1047 1525 eadem
1063 1480 1408 1528 confirmarentur
1419 1518 1433 1537 ,
1447 1488 1626 1541 (quem-

209 1544 439 1589 admodum
460 1557 558 1585 mox
595 1540 863 1592 videbimus)
895 1540 924 1585 ss
956 1539 1087 1597 ipsum
1122 1541 1261 1586 locum
1294 1547 1464 1605 Syriaci
1490 1546 1625 1599 libri,

209 1605 322 1649 unde
343 1603 412 1645 illa
437 1603 584 1646 lacinia
601 1601 788 1656 decerpta
805 1601 885 1658 est,
916 1600 1191 1657 inspexissent.
1259 1604 1334 1647 Sed
1360 1619 1412 1647 ne
1429 1620 1515 1649 non
1539 1621 1629 1650 mo-

211 1665 265 1707 do
299 1662 562 1706 calliditatem
588 1659 727 1708 suam,
760 1675 905 1704 verum
929 1664 1051 1705 etiarn
1086 1661 1275 1703 rusticam
1312 1659 1431 1716 plane
1459 1667 1627 1720 imperi-

211 1726 309 1768 tiam
328 1753 340 1771 ,
373 1722 453 1779 jam
477 1720 573 1763 inde
598 1720 648 1762 ab
676 1721 798 1763 initio
824 1719 903 1763 suae
933 1720 1236 1773 compilationis
1263 1721 1457 1775 proderet
1478 1725 1622 1778 Homo

211 1782 371 1827 nostem
399 1782 566 1823 initium
593 1780 722 1820 totius
739 1779 882 1827 Libri,
914 1780 987 1833 qui
1008 1779 1126 1820 nullo
1152 1779 1276 1822 modo
1298 1795 1392 1835 curn
1413 1781 1497 1837 fine
1526 1797 1628 1839 prae-

213 1840 396 1886 cedentis
422 1837 595 1893 alicujus
634 1835 729 1878 libri
762 1851 974 1881 connexus
1016 1847 1126 1885 erat,
1182 1852 1302 1887 ecce,
1351 1841 1402 1882 ab
1437 1840 1504 1883 his
1537 1856 1629 1884 ver-

209 1907 276 1950 bis
309 1903 406 1948 facit
433 1905 562 1946 mirus
598 1901 667 1943 ille
699 1900 883 1944 Artifex:
936 1895 1051 1948 Μετοέ
1075 1899 1135 1946 ΔΕ
1165 1895 1553 1965 rodcf2’1t⁴n'opffafn†2'
1583 1925 1624 1952 κ.

209 1996 242 2021 τ.
270 1984 311 2020 λ.
353 1973 542 2030 Postaeos
571 1982 766 2014 AUTEM
795 1972 879 2017 &aff
922 1970 1074 2023 Neque
1102 1978 1237 2011 tamen
1260 1967 1626 2025 incommodo‘Le-

213 2040 376 2081 {totum
400 2047 587 2082 Arriam
610 2031 782 2083 accidit,
808 2030 922 2088 quod
943 2046 988 2075 ea
1012 2032 1157 2076 lacinia
1170 2046 1220 2075 ex
1240 2035 1421 2094 Syriaco
1450 2033 1558 2081 libro
1583 2036 1630 2078 in

214 2098 505 2150 compilatione
528 2094 599 2138 ista
625 2093 794 2148 repetita
830 2089 904 2140 fit3
951 2094 1151 2147 quoniam
1188 2107 1238 2135 ex
1274 2094 1413 2136 eadem
1453 2095 1598 2136 lacinia
1617 2128 1631 2146 ,

215 2157 370 2209 quippe
405 2170 426 2195 e
465 2155 629 2198 meliori
659 2162 847 2200 nrum
877 2151 1037 2195 *Codice
1079 2152 1270 2206 pluribus
1305 2152 1454 2207 abhinc
1484 2150 1632 2196 seculis

217 2211 479 2269 transscripta
495 2242 507 2262 ,
539 2212 699 2258 mendae
718 2212 930 2280 nonnullae
944 2241 956 2261 ,
990 2224 1082 2266 quae
1100 2211 1319 2313 Sclriptoris
1340 2211 1471 2256 nostri
1483 2204 1636 2257 Exem-
