1990 2694
576 137 649 175 IN
694 137 1044 185 APP-JANURL
1076 137 1251 182 SECT·
1291 139 1394 179 111·
1632 139 1694 204 13,ι

285 238 413 281 libros
435 236 632 280 ΑΡΡιΑΝι
656 236 888 285 recensenlt,
919 232 1052 292 neque
1079 237 1128 278 de
1154 250 1327 279 numero
1343 251 1478 291 neque
1505 237 1554 279 de
1579 240 1691 281 ordi-

283 311 336 339 ne
351 295 443 339 satis
467 297 697 338 conveniat.
762 298 859 339 Duo
890 295 985 338 sunt
1005 308 1140 339 autem
1175 299 1398 344 Αυόὶοτεε,
1430 310 1608 351 quorum
1632 298 1692 339 di-

283 356 451 410 figentia
485 357 703 412 Catalogus
722 358 963 411 Librorum,
996 356 1146 410 quibus
1170 356 1378 398 constabat
1395 353 1584 397 universa
1608 359 1692 399 AP-

285 427 419 458 P1AN1
444 418 635 458 Romana
656 416 861 470 Hzstoria,
894 415 1016 457 nobis
1048 412 1310 458 conservatus
1332 415 1409 460 est:
1443 416 1545 456 alter
1577 417 1692 459 Pno-

284 486 413 519 Tluss
441 476 687 532 Anonymus
700 476 823 521 alter,
858 473 973 528 cujus
999 474 1204 515 monitum
1225 473 1276 515 de
1294 488 1470 516 numero
1495 485 1618 528 atque
1634 473 1694 516 se-

284 533 343 574 rie
364 533 562 574 librorum
581 535 880 586 Appianeorum
906 535 950 573 in
970 547 1094 574 manu
1119 535 1292 575 exaratis
1309 532 1537 575 Codicibus
1549 533 1690 586 paffim

283 593 497 645 reperitur.
564 593 614 634 Et
643 593 838 646 quoniam
861 593 904 633 in
931 592 1105 637 ΡΗοΤιῙ
1135 592 1361 647 Catalogo‚
1395 593 1466 647 qui
1488 593 1526 634 δι
1542 604 1591 633 ex
1605 590 1690 644 ipsa

283 651 370 705 ejus
391 653 645 695 Bibliotheca
665 652 781 694 facile
798 653 890 705 ·peti
918 651 1071 705 potest,
1104 652 1143 693 ὃς
1169 666 1190 693 a
1213 652 1441 697 FAmucm
1464 653 1587 694 etiam
1612 656 1691 695 Bi-

282 712 489 753 hliotlzecae
509 712 663 755 Groecae
685 709 832 753 inserta
856 709 910 752 est
930 727 950 752 c
941 710 996 762 )‚
1030 720 1257 754 occurrunt
1274 711 1476 753 nonnulla
1489 740 1501 758 ‚
1536 724 1628 764 quae
1644 709 1691 752 fi-

281 784 333 810 ne
360 769 487 810 dubio
513 783 682 811 erronea
704 768 821 816 sunt,
853 779 975 823 atque
1002 769 1053 810 ab
1066 768 1187 824 ipfius
1212 770 1407 814 Anmm
1432 769 1690 811 distributio-

279 841 333 869 ne
357 829 487 869 aliena
516 826 589 880 ³⁶),
622 841 698 869 nos
724 842 774 868 ex
796 828 932 875 illius,
965 842 1087 882 quem
1110 829 1314 879 diximus,
1346 832 1565 888 Anonymi
1588 843 1690 882 prae-

280 885 430 941 scripto
448 885 722 928 recenfionem
739 885 844 929 hanc
860 886 1118 929 instituemus
1143 887 1214 939 d);
1246 886 1495 942 interspersis
1514 889 1581 929 vel
1594 885 1692 929 sub-

278 945 394 1001 jedlis
422 945 691 1000 quibusdam,
734 945 808 987 ubi
830 959 933 999 opus
955 943 1105 997 fuerit,
1139 946 1188 987 de
1213 960 1297 988 uno
1325 957 1397 988 aut
1425 947 1554 989 altero
1578 947 1686 988 libro

281 1003 653 1048 observationibus.
725 1004 940 1058 sicigitur
973 1004 1073 1048 ille:

414 1069 457 1112 ‘H
479 1069 530 1114 τὲ
555 1069 777 1115 Ἀππιαινέ
808 1061 1004 1127 Ῥωμοώιῆ
1025 1069 1149 1133 ἱςοξίσι
1182 1069 1217 1111 ἐν
1244 1060 1379 1122 λέγοις
1412 1061 1556 1134 ἐὐξῆΙαι
1586 1087 1701 1135 mete

280 1128 476 1193 κλειομένη
496 1127 579 1186 κβ’.
649 1135 889 1177 ΑΡΡῙΑΝ]
923 1137 1115 1177 Romana
1146 1133 1327 1187 Hzstoria
1354 1137 1499 1190 viginti
1533 1136 1687 1177 duobus

280 1198 397 1239 libris
412 1195 693 1253 comprehenso
723 1194 802 1249 est:

328 1278 370 1321 d)
399 1278 504 1315 Hunc
523 1279 707 1324 Anonymi
733 1276 825 1312 illius
852 1277 958 1311 Coto-

280 1326 402 1371 logum
435 1327 609 1363 librorum
641 1325 816 1360 ΑΡΡΙΑΝΙ
851 1322 956 1359 talem

279 1374 450 1417 exhibeo,
471 1373 609 1419 qualem
630 1373 667 1408 in
686 1373 803 1409 fronte
818 1372 956 1407 Codicis

1004 1274 1117 1320 ipsum
1144 1274 1314 1312 Codicem
1346 1275 1589 1321 descripserat,
1622 1277 1683 1314 sed

1004 1322 1193 1358 recentiori
1214 1335 1319 1359 manu
1340 1323 1408 1359 esse
1428 1324 1684 1371 perscriptum3

1002 1369 1048 1405 fic
1072 1372 1105 1405 &
1132 1371 1168 1405 in
1190 1371 1403 1416 Augustam
1433 1374 1560 1410 Codice
1585 1373 1684 1409 idem

276 1422 482 1467 Augustani
502 1421 665 1466 scriptum
686 1421 809 1464 reperi.
863 1419 953 1454 Con-

277 1469 374 1506 venit
401 1476 517 1504 autem
538 1468 630 1509 fere,
657 1466 681 1501 fi
698 1478 774 1502 eam
794 1466 954 1502 variatio-

277 1527 360 1552 nem
393 1516 566 1561 excipias,
602 1525 706 1559 quam
735 1514 779 1549 ad
810 1512 953 1549 Librum

276 1563 370 1600 VIII.
400 1563 555 1605 notabo,
592 1573 673 1597 cum
700 1573 743 1597 eo
769 1559 953 1602 Elencho,

278 1623 383 1657 quem
408 1623 452 1647 ex
484 1610 610 1646 Codice
640 1610 854 1645 Florentino
883 1609 954 1650 jam

277 1666 360 1695 ante
384 1658 448 1694 hos
471 1657 659 1694 duodecim
686 1668 796 1692 annos
822 1654 955 1700 publici

275 1707 360 1752 juris
390 1706 475 1743 Fecit
499 1703 773 1750 diligentiffimus
801 1703 953 1739 BANDI-

276 1763 376 1790 NIUS
401 1755 439 1789 in
470 1754 644 1796 Catalogo
669 1753 836 1787 Codicum
863 1753 952 1786 Grae-

277 1813 399 1838 corum
426 1801 648 1837 Bibliothecae
676 1800 951 1836 Laurentionae‚

276 1848 393 1886 Tomo
408 1848 451 1886 Π.
475 1848 543 1885 col.
568 1851 648 1892 659.
669 1846 714 1891 sq.
743 1846 866 1891 Neque
887 1844 949 1880 du·

276 1898 373 1941 bito,
400 1896 467 1934 efl'e
492 1895 677 1938 eumdem,
703 1905 807 1939 quem
835 1893 872 1928 in
885 1891 946 1929 Co-

276 1946 355 1981 dice
385 1945 496 1992 Regio
517 1942 665 1981 Parifino
684 1942 753 1978 N0.
770 1947 871 1982 168¹.
893 1951 951 1976 ex-

273 1992 386 2030 hiberi
411 1999 574 2029 monetur
593 1991 629 2026 in
657 1991 833 2035 catalogo
849 1988 951 2025 Codi-

274 2053 355 2078 cum
374 2042 599 2079 MSScorum
625 2038 711 2075 Bibl.
731 2038 816 2083 ch.
837 2036 951 2082 Paris?

275 2088 376 2125 T.11.
402 2100 435 2134 p.
452 2096 530 2133 387.
567 2086 873 2134 Quemadmodum
890 2096 951 2120 au-

272 2143 346 2172 tem
382 2136 619 2174 BANmNan
652 2134 815 2176 monuit,
849 2132 949 2167 illum

272 2182 470 2221 Elenchum
487 2196 561 2222 non
581 2185 624 2222 ab
646 2195 688 2220 eo
701 2182 863 2225 librario,
890 2180 951 2226 qui

1002 1416 1176 1453 Elenchus
1193 1443 1203 1458 ‚
1241 1417 1368 1460 (fimul
1396 1430 1476 1454 cum
1503 1419 1563 1455 illa
1599 1420 1687 1457 alte-

1001 1464 1070 1499 rius
1095 1466 1280 1511 Anonymi
1302 1466 1568 1510 admonitione,
1606 1480 1682 1513 quae

1000 1511 1215 1556 inimpreffis
1233 1513 1490 1558 exemplaribus
1503 1515 1607 1549 etiam
1623 1527 1682 1551 ex.

1001 1558 1163 1597 hibetur,
1181 1559 1225 1593 de
1246 1571 1312 1604 qua
1333 1560 1414 1596 vide
1428 1562 1512 1596 Secl.
1525 1561 1582 1597 lv.
1606 1571 1682 1600 not.

1003 1614 1030 1642 t.
1059 1605 1101 1641 ab
1122 1607 1311 1642 recentiori
1326 1619 1432 1645 manu
1450 1608 1486 1643 in
1509 1608 1625 1647 fronte
1641 1609 1683 1646 li-

1001 1653 1053 1689 bri
1076 1653 1267 1699 adscriptus
1293 1655 1349 1691 est.
1402 1656 1533 1693 Mirum
1555 1658 1603 1693 est
1624 1670 1684 1694 au-

1003 1709 1073 1737 tem
1086 1728 1096 1742 ‚
1110 1701 1269 1746 quorsum
1283 1714 1301 1737 e
1326 1702 1428 1739 aserit
1436 1703 1558 1740 Codex
1568 1706 1597 1741 is
1607 1732 1616 1746 ‚
1637 1717 1683 1742 ex

1003 1760 1070 1793 quo
1083 1748 1142 1784 hic
1153 1748 1273 1784 Catalo
1299 1793 1302 1798 ι
1322 1761 1338 1785 s
1352 1751 1592 1798 transscriptus
1602 1753 1681 1796 fuit,

1000 1803 1103 1840 atque
1116 1807 1159 1831 eo
1169 1797 1275 1840 magis
1287 1798 1431 1841 quidem
1440 1800 1476 1834 in
1490 1799 1560 1836 hoc
1569 1800 1681 1846 ipsum

998 1843 1171 1888 inquirere
1212 1855 1326 1889 operae
1357 1847 1510 1891 pretium
1547 1848 1681 1893 fuerit,

1000 1891 1094 1936 quod
1116 1903 1159 1927 ex
1177 1892 1218 1927 iis
1241 1892 1376 1933 verbis,
1404 1894 1443 1929 in
1459 1906 1535 1940 quae
1556 1896 1682 1933 definit

998 1940 1094 1976 idem
1121 1939 1304 1985 Catalogus
1324 1967 1334 1983 ‚
1362 1941 1441 1978 satis
1464 1951 1541 1979 tuto
1559 1943 1679 1989 colligi

1000 1986 1135 2032 potest,
1170 1999 1251 2024 eum
1278 1989 1456 2035 praefixum
1483 1990 1583 2028 fuiffe
1611 1985 1679 2027 Yo-

999 2047 1058 2071 mo
1082 2038 1203 2083 primo
1225 2048 1371 2082 operum
1391 2039 1593 2083 APPIAM,
1618 2040 1677 2085 qui

997 2083 1052 2120 IX
1076 2084 1209 2129 priores
1235 2084 1341 2123 libros
1359 2114 1370 2131 ‚
1399 2098 1547 2132 quorum
1574 2087 1675 2133 pleri-

998 2143 1065 2176 que
1093 2131 1202 2169 hodie
1227 2133 1481 2177 desiderantur,
1521 2137 1679 2171 contine·

998 2179 1066 2217 bat.
1104 2180 1207 2217 Conf.
1230 2182 1317 2220 Sefft’.
1338 2182 1398 2222 IV.
1424 2191 1496 2220 not.
1513 2194 1551 2223 x.

1123 2231 1210 2280 Ba
