1990 2694
576 135 645 175 IN
710 131 1078 197 ‚APPIANUM‘
1113 132 1297 171 S-Eo-T.
1333 132 1409 171 11.
1638 133 1706 182 11,

285 253 368 292 que
398 238 548 280 mirum
574 236 620 277 in
646 233 813 291 modum
844 235 1065 290 adjuvatur
1103 236 1263 289 lector,
1297 249 1381 290 quo
1420 233 1581 277 facilius
1610 249 1698 278 uno

286 300 435 341 obtutu
466 310 550 337 rem
583 310 747 337 omnem
768 296 909 338 animo
941 293 1062 351 p'offit
1086 289 1314 351 complefiiss

410 406 484 454 111.
516 406 610 449 Huc
635 405 817 454 accedit,
850 404 960 460 quod
981 406 1024 447 in
1044 406 1232 460 quinque
1253 407 1438 461 priorum
1470 402 1636 461 quidem
1651 402 1703 446 ab

284 464 388 507 urbe
421 466 583 508 condita
607 464 837 507 seculorum
859 465 1048 513 historia,
1081 465 1156 506 ubi
1176 479 1263 507 non
1292 467 1417 508 nimis
1438 464 1536 506 dum
1557 465 1700 506 dilata-

286 534 337 566 tae
372 534 493 580 atque
524 521 869 579 amplae'fuerunt
905 537 970 566 tes
1007 523 1319 576 Romanorum,
1365 523 1416 565 ad
1448 522 1490 564 id
1531 522 1581 565 de
1614 537 1698 577 quo

285 598 399 625 nunc
427 586 646 639 quaerimus
673 598 758 626 non
779 583 861 626 fere
897 579 1059 626 differat
1083 585 1280 637 APPmNI
1309 583 1543 627 institutum
1568 597 1589 624 a
1606 583 1700 625 reli-

284 646 462 698 quorum
508 643 689 698 ejusdem
723 642 900 686 historiae
923 644 1178 698 Scriptorum
1207 645 1393 691 ratione;
1426 640 1697 696 sequentibus

285 708 421 744 autem
441 703 583 744 seculis
601 702 765 744 historia
781 705 916 746 omnis
939 704 1125 745 Romana
1149 701 1290 757 sponte
1304 701 1415 757 quafi
1442 699 1569 743 suain
1595 702 1697 743 duas

282 760 459 802 summas
499 763 713 802 dirimatur
746 771 912 815 partes,
954 760 1121 802 alteram
1160 775 1298 804 rerum
1349 760 1697 809 domesticarum,

282 821 451 863 alteram
466 833 739 864 externarum.
797 820 931 861 Domi
951 819 1092 861 civiles
1107 820 1264 869 turbae,
1297 834 1342 863 ac
1365 818 1539 863 fratrum
1562 821 1606 861 in
1620 818 1701 863 fra-

283 890 368 921 tres
389 891 551 920 armatae
579 893 744 920 manus:
777 877 878 919 foris
905 878 1158 932 legationes,
1188 878 1425 930 societates,
1459 878 1597 927 bella,
1625 894 1699 921 va-

285 940 346 979 ria
375 937 540 992 quidem
560 937 769 980 interdum
796 936 985 983 fortuna,
1020 935 1087 988 sed
1111 936 1319 990 splendida
1341 939 1608 992 plerumque,
1641 952 1709 992 ge-

290 998 346 1039 sta
359 1009 480 1051 atque
514 995 717 1044 confecta,
750 996 928 1050 denique
942 997 1044 1037 mira
1061 994 1209 1039 finium
1224 998 1386 1051 imperii
1408 996 1703 1050 prolatationes

293 1070 338 1097 ac
367 1054 531 1097 infinita
553 1069 667 1111 paene
699 1056 894 1109 potentia:
927 1056 1203 1103 incrementa,
1236 1058 1326 1098 aliis
1356 1055 1549 1110 gentibus
1585 1057 1629 1097 in
1655 1054 1704 1097 fi-

286 1116 380 1157 dem
397 1114 648 1171 tutelamque
676 1115 875 1169 receptis,
913 1114 1004 1157 aliis
1030 1115 1147 1173 plane
1171 1113 1395 1173 subjugatis
1425 1126 1548 1170 atque
1569 1116 1610 1157 in
1632 1114 1703 1158 de-

285 1173 475 1227 scriptam
485 1175 665 1228 aliquam
681 1175 905 1227 provinciae
916 1174 1091 1215 formam
1106 1174 1290 1218 redactis.
1351 1177 1482 1229 Atqui
1505 1174 1703 1229 quemad-

286 1232 458 1275 modum
496 1229 867 1275 commodiffimum
902 1243 1011 1279 erat,
1047 1234 1188 1275 civiles
1218 1247 1361 1275 omne-s
1382 1233 1549 1281 turbas,
1575 1247 1598 1274 a
1621 1234 1704 1287 pri-

285 1295 365 1335 mis
394 1291 490 1338 inde
517 1291 799 1336 Gracchorum
822 1288 1121 1343 seditionibus,
1166 1292 1218 1335 vad
1247 1292 1316 1335 illa
1351 1291 1478 1347 usque
1516 1301 1702 1347 tempora

286 1351 439 1407 quibus
467 1350 791 1394 adversariorum
819 1353 1005 1392 omnium
1033 1353 1166 1393 vicstor
1197 1353 1453 1395 Octavianus
1476 1350 1607 1394 Caesar
1628 1366 1700 1394 ex-

230 1409 233 1412 ⁴
285 1409 418 1463 c'effit,
453 1412 648 1452 continua
669 1409 842 1463 quadam
860 1410 1094 1451 narratione
1110 1407 1316 1463 persequi,
1346 1408 1389 1450 id
1409 1410 1520 1464 quod
1545 1410 1596 1451 ab
1612 1409 1697 1454 Ae·

285 1481 428 1512 PxANo
457 1467 596 1509 nostro
626 1466 778 1509 factum
802 1467 1021 1514 videmus3
1056 1466 1108 1509 fic
1136 1466 1314 1509 historiae
1339 1481 1477 1509 rerum
1509 1479 1698 1509 externa..

286 1540 381 1570 rum
401 1525 657 1574 distributio,
690 1538 760 1580 per
793 1525 926 1567 varias
957 1534 1098 1581 gentes
1124 1536 1248 1579 atque
1279 1527 1515 1579 provincias
1542 1526 1698 1568 Roma-

284 1600 342 1628 no
360 1587 533 1697 impeBio
560 1584 785 1641 subjedtas,
817 1586 971 1628 iterum
996 1584 1065 1629 sua
1104 1584 1281 1640 quadam
1318 1583 1461 1642 sponte
1491 1582 1570 1630 sese
1598 1580 1700 1629 offe-

288 1645 417 1690 rebat.
449 1648 479 1688 d

285 1774 522 1821 pleitebatur,
541 1774 632 1811 bella
646 1782 749 1820 atque
765 1785 817 1810 res
829 1772 960 1809 habere
1006 1784 1089 1809 nem
1117 1784 1234 1809 earum
1257 1785 1376 1810 rerum
1402 1774 1629 1821 contineret,
1656 1775 1701 1815 de

284 1823 469 1869 'coepiffent
489 1823 650 1864 Romani.
676 1823 780 1865 (vid.
809 1821 957 1866 Praefat.
1008 1821 1131 1865 quibus
1168 1833 1264 1857 nunc
1297 1822 1466 1867 agebatur
1494 1837 1504 1868 ;
1551 1827 1626 1870 ejus
1652 1827 1703 1862 rei

287 1872 443 1907 Auctoris
463 1871 587 1916 ⁴-p.*1x.
608 1871 663 1914 A.)
708 1870 802 1906 Tum
824 1868 964 1904 veroin
1014 1870 1231 1905 mentionem
1260 1872 1453 1906 commodo
1475 1871 1556 1907 loeo
1582 1875 1705 1916 injice-

287 1919 360 1964 ipso
393 1919 539 1955 historiae
571 1917 735 1963 cujusque
766 1915 866 1953 cursu
886 1939 895 1954 ‚
941 1915 965 1950 fi
1013 1928 1069 1959 re,
1108 1924 1168 1952 aut
1195 1917 1299 1953 etiam
1321 1919 1557 1954 narrationem
1587 1920 1701 1957 brevi-

290 1967 375 2012 quid
404 1974 477 2005 erat
508 1978 551 2003 ex
585 1965 654 2003 alio
687 1964 777 2002 libro
807 1971 967 2009 repeten-
1016 1971 1092 2007 ter,
1144 1973 1312 2011 quantum
1358 1977 1444 2013 opus
1490 1967 1700 2008 videbatur,

289 2014 373 2050 dum
387 2041 398 2058 ‚
426 2015 521 2061 quod
538 2014 595 2050 vel
613 2025 681 2060 prae
699 2012 821 2049 ceteris
834 2023 968 2047 memo·
1016 2010 1108 2054 (ἴσον
1129 2015 1165 2052 εἷς
1188 2014 1355 2052 oe'm'mnm
1368 2038 1378 2054 ‚
1408 2026 1481 2060 quae
1499 2014 1653 2052 formula
1668 2017 1701 2052 ei

289 2063 398 2099 rabile
420 2063 546 2100 eodem
572 2062 644 2100 fere
662 2070 818 2108 tempore
838 2060 968 2107 gestum
1018 2061 1054 2095 in
1091 2060 1289 2105 hujusmodi
1327 2063 1564 2100 occasionibus
1595 2063 1703 2100 solen-

292 2110 393 2151 effet‚
419 2111 476 2147 vel
507 2113 600 2158 quod
622 2110 737 2147 causas
760 2109 887 2154 aliquas
911 2115 971 2144 aut
1019 2109 1072 2144 nis
1099 2109 1173 2151 est)
1212 2118 1372 2159 repetere
1418 2112 1597 2151 consuevit
1633 2115 1705 2150 AP-

289 2157 511 2195 neceffafiam
552 2159 740 2205 quamdam
780 2156 975 2194 illustratio·
1021 2164 1191 2193 manus.
1370 2172 1372 2174 v

1105 2242 1198 2288 ΒΖ
