1990 2694
298 145 365 200 xo
636 170 644 178 ‹
692 150 1326 196 '‘EXERCITATIONUM
1377 182 1379 184 ψ

297 269 533 316 quepartes
564 268 647 301 tam
678 257 778 300 vasti
817 257 1008 312 imperii,
1042 255 1165 310 quale·
1201 257 1488 302 Romanorum
1509 257 1611 307 fuit,
1643 274 1734 308 eo„

295 323 391 363 dem
415 319 497 362 fere
520 331 705 372 tempore
750 318 891 371 gestae,
927 314 1154 370 promiscue
1182 326 1306 371 atque
1329 321 1438 360 inter
1468 318 1506 361 se
1538 318 1715 362 confusae

298 379 525 424 secundum
557 389 789 431 temporum
823 374 1112 418 succeffionem.
1138 389 1431 428 exponuntur,
1466 379 1568 421 illud
1584 377 1744 432 ipsum⁴

297 440 450 482 habere
476 436 786 479 incommodum
805 465 816 481 ,
852 435 963 488 quod
994 435 1224 477 APPlANUS
1249 448 1463 489 expertum
1480 435 1519 478 se
1537 436 1611 479 effe
1625 453 1719 492 pro-

298 496 418 541 feffus
441 496 522 543 est5
555 505 601 537 ut
625 493 750 547 hujus
777 492 955 535 historiae
979 491 1181 534 studiosus
1212 494 1360 541 leotor,
1401 494 1475 535 ubi
1499 497 1560 536 rei
1582 496 1717 548 cujus-

299 560 408 612 piam
435 558 481 598 in
504 568 585 597 una
600 553 792 607 quadam
818 564 931 608 parte
953 554 1116 605 imperii
1140 553 1316 595 Romani
1339 552 1460 607 gestae
1479 563 1603 608 atque
1625 554 1741 598 infi-'

300 618 392 672 gnis
411 611 571 658 fo-rtass'e
593 626 732 654 rerum
748 610 1029 654 conversionis
1050 613 1266 654 exordium
1287 614 1441 654 viderit
1464 627 1511 654 ex
1544 612 1716 667 ofitum,

300 677 465 731 jamque
490 672 615 726 hujus
640 670 914 725 catastrophcs
939 681 1150 712 momenta·
1170 669 1243 713 suo
1274 673 1421 714 ordine
1450 629 1636 727 perllzequi
1652 689 1721 717 cu-

304 737 412 789 piat,
446 734 577 774 donec
606 731 659 771 ad
690 729 813 772 finem
847 730 1040 783 perducta
1069 743 1132 770 res
1157 728 1224 777 fit,
1260 745 1372 772 nunc
1402 731 1489 785 ejus
1519 734 1720 774 narratio-

304 795 370 836 nis
402 791 521 835 filum
550 788 711 837 subito,
746 799 869 844 atque
908 790 1059 830 iterum
1095 789 1261 843 quidem
1304 791 1565 844 iterumque,
1598 791 1720 833 abru-

302 864 418 908 ptum
445 852 584 893 videat
606 860 729 903 atque
756 846 997 895 abscissum3
1026 859 1073 891 ut
1096 863 1183 890 non
1209 848 1333 890 modo
1370 847 1601 903 suspensum
1639 849 1723 893 sese

306 912 462 959 teneri,
495 909 562 952 sed
591 909 711 950 etiam
736 909 868 949 veluti
895 921 1044 961 vagum
1072 917 1194 960 atque
1230 907 1508 950 errabundum
1533 923 1602 962 per
1622 911 1721 952 uni-

307 969 471 1014 versum
491 981 693 1013 terra-rum
718 967 861 1009 orbem
883 965 984 1009 hinc
1007 965 1103 1009 inde
1136 966 1399 1016 traduetum,
1431 967 1634 1023 denique,
1668 967 1719 1011 ad

308 1031 525 1087 pristinum
549 1029 688 1069 locum
721 1029 794 1068 vix
814 1026 979 1067 tandem
1021 1026 1236 1074 reducem,
1269 1028 1404 1069 denuo
1440 1027 1535 1068 inde
1559 1028 1608 1069 ad
1642 1028 1721 1070 alia

309 1091 449 1133 omnia
471 1086 748 1142 saepenumero
776 1085 990 1140 abreptum
1006 1118 1018 1136 ,
1050 1083 1159 1127 haud
1184 1087 1335 1141 exiguo
1360 1084 1431 1128 suo
1457 1087 1604 1135 taedio,
1637 1085 1723 1129 sen-

308 1152 395 1190 tiat.
461 1150 600 1196 Quare
631 1160 760 1199 quum
788 1146 981 1189 ΑΡΡΙΑΝῙ
1011 1154 1126 1186 aetate
1150 1143 1244 1187 satis
1277 1160 1421 1200 magna
1457 1149 1571 1199 copia
1593 1160 1723 1188 anna.

306 1209 410 1248 lium
436 1216 560 1259 atque
591 1204 852 1245 historiarum
873 1202 1074 1256 ejusmodi
1098 1204 1289 1251 exstaret,
1320 1205 1568 1246 laudandum
1584 1207 1726 1259 potius,

307 1266 435 1320 hujus
457 1262 666 1319 scrip-toris
694 1262 929 1305 institutum
950 1259 1029 1310 est,
1062 1262 1174 1316 quod
1195 1263 1320 1305 altera
1350 1263 1421 1305 illa.
1456 1265 1613 1305 ratione
1637 1277 1722 1304 ma-

306 1326 433 1368 luerit
458 1326 540 1371 uti,
574 1337 665 1377 quae
693 1321 1024 1377 unumquodque
1043 1336 1182 1364 rerum
1203 1337 1355 1376 genus,
1389 1323 1536 1377 (velut
1552 1322 1725 1365 Mithri-

311 1384 441 1426 datica
476 1382 607 1432 bella,
670 1381 787 1423 velut
821 1381 963 1423 civiles
1007 1382 1291 1423 Romanorum
1328 1381 1499 1435 turbas)
1543 1384 1724 1436 itemque

309 1439 639 1493 uniuscuiusque
677 1441 811 1493 gentis
849 1448 971 1492 atque
1002 1441 1230 1492 provinciae
1258 1438 1492 1487 historiam,
1525 1455 1546 1481 a
1580 1443 1726 1494 primis¹

309 1496 392 1543 su’is
421 1498 660 1553 primordiis
701 1496 827 1550 usque
862 1498 910 1537 ad
956 1495 1104 1543 finem,
1138 1509 1336 1550 perpetuo
1370 1500 1619 1540 narrationis
1649 1498 1727 1540 filo-

309 1557 596 1615 persequitur:
632 1570 716 1610 quo
743 1557 997 1597 tracs'tationis
1021 1570 1192 1610 genere,
1226 1557 1327 1598 citra
1358 1570 1523 1599 omn-em
1556 1569 1722 1600 contro-

314 1616 510 1667 versiam,
526 1615 1011 1668 unumquodque·rerum
1038 1615 1235 1668 gestarum
1254 1630 1383 1669 genus
1397 1645 1407 1663 ,
1439 1629 1561 1669 atque
1582 1620 1731 1659 unius,-

309 1677 509 1732 cujusque
530 1675 759 1730 provinciae
772 1672 961 1722 historia,
993 1674 1156 1716 clariori
1180 1675 1329 1716 inluce
1358 1676 1457 1728 poni
1477 1675 1634 1729 potest,
1663 1687 1721 1719 at-

364 1807 415 1850 d)
441 1806 572 1851 Neque
587 1816 669 1841 vero
694 1805 729 1839 i‘n
754 1803 821 1840 hac
844 1815 907 1850 per
922 1815 999 1849 pto·
1049 1803 1236 1849 negl'exi'ss'e
1253 1805 1429 1850 putandus
1444 1804 1721 1842 e-stAPP1ANUS·.

315 1854 447 1892 vincias
468 1853 643 1890 distributa
654 1852 792 1887 historia
804 1851 998 1898 respectum
1048 1852 1201 1888 Primum
1221 1853 1313 1888 enim
1326 1878 1336 1895 ‚
1363 1853 1456 1898 quod
1474 1853 1518 1888 ad
1534 1852 1651 1888 locum
1675 1863 1725 1889 at-

315 1914 459 1939 omnem
480 1901 524 1937 ad
544 1899 738 1937 universam
767 1900 873 1935 totius
891 1900 1000 1944 impe-
1048 1900 1156 1943 tinet,
1185 1912 1289 1945 quem
1308 1901 1344 1935 in
1364 1901 1477 1945 operis
1498 1900 1548 1936 sui
1570 1901 1723 1937 editione

313 1952 354 1987 rii
368 1950 522 1988 Romani,
531 1948 708 1985 historiam
723 1974 733 1991 ‚
761 1955 821 1982 aut
840 1947 885 1983 ad
908 1947 1001 1982 ordi·
1048 1948 1173 1994 cuique
1193 1948 1352 1994 singulari
1371 1948 1518 1984 histori'ae
1529 1947 1725 1993 affignavit3

314 2011 397 2035 nem
422 2010 503 2035 eum
519 2024 529 2040 ,
568 2008 638 2042 quo
666 1995 859 2031 secundum
888 1995 1001 2031 conti·
1046 1994 1145 2032 hunc
1161 1997 1326 2032 ordinem
1342 1996 1407 2032 ase
1425 1996 1641 2032 observatum
1658 1996 1728 2033 effe-

308 2058 405 2083 -nuos
435 2044 583 2082 universi
610 2042 752 2088 imperii·
773 2041 913 2079 annales
943 2054 996 2079 res
1044 2044 1117 2089 ipse
1142 2043 1317 2087 declarat,
1353 2052 1393 2079 ut
1413 2043 1553 2089 quisque
1569 2043 1657 2081 liber
1677 2045 1723 2081 ita

316 2106 461 2141 quaeque
492 2093 527 2128 in
557 2090 712 2137 qualibet
745 2091 926 2136 provincia
943 2090 998 2127 vel
1046 2100 1126 2129 ante
1138 2091 1287 2130 alterurn
1303 2091 1555 2136 collocaretur,
1577 2100 1615 2129 ut
1629 2093 1720 2144 prius

297 2143 443 2179 -eodern
469 2147 630 2184 tempore
657 2138 757 2182 gestae
780 2139 907 2182 essent,
943 2139 998 2175 vel
1043 2152 1128 2177 cum
1154 2153 1193 2176 ea
1223 2148 1328 2185 gente
1348 2150 1451 2185 atque
1469 2142 1505 2175 in
1528 2153 1567 2177 ea
1585 2143 1728 2185 provin-

313 2190 383 2228 fese
408 2189 568 2226 invicem
588 2185 826 2230 eiricepifl'ent,r
857 2187 1000 2233 penitus
1043 2189 1095 2223 cia
1110 2214 1119 2231 ‚
1147 2189 1246 2232 qu'us
1261 2186 1441 2223 historiam
1456 2187 1614 2225 illeliber
1628 2201 1731 2225 com.
