1990 2694
522 179 618 235 „IN
647 163 991 216 Arminium
1029 179 1208 216 SECT.
1236 180 1322 217 v1.
1490 179 1492 181 ·
1588 172 1651 224 89

222 295 346 331 cere,
372 291 497 334 quam
521 276 571 321 fit
596 276 683 321 haec
703 281 833 328 ratio,
864 279 1076 323 historiam
1098 279 1280 333 aliquam
1305 276 1590 333 ingrediendi,
1625 298 1648 327 a

223 341 433 386 luculenta
449 337 670 393 eademque
685 337 997 382 constantiffima
1009 351 1201 384 APP1AN1
1220 339 1380 380 ratione
1394 336 1647 381 alieniffima.

280 402 282 405 ’
345 401 534 455 Deinde,
579 399 827 454 quamquam
875 412 968 442 ante
1004 400 1162 441 dixerat
1193 399 1456 453 Compilator
1485 399 1649 444 noster,

225 458 355 510 (vide
376 457 522 515 supra,
553 471 667 501 num.
687 456 755 511 2.)
791 473 882 514 quae
914 462 1035 504 Saxae
1063 470 1247 513 tempore
1285 458 1392 513 gesta
1413 464 1445 499 ‘a
1482 457 1648 501 Parthis

225 518 348 572 sunt,
380 534 425 561 ea
453 529 538 560 tam
563 519 702 572 exigui
736 522 937 561 momenti
957 517 1053 566 effe,
1086 531 1134 562 ut
1158 534 1210 561 ne
1247 519 1445 561 memoria
1476 519 1646 573 quidem

230 579 357 634 digna
393 577 496 624 fint3
543 586 680 618 tamen
709 578 943 619 earumdem
967 591 1103 619 rerum
1134 579 1390 619 mentionem
1425 578 1504 619 hoc
1529 581 1647 626 loco,

226 636 506 682 breviffimam
531 637 696 691 quidem
714 670 727 690 ,
760 636 826 680 sed
850 636 940 681 sane
974 637 1093 680 talem
1108 634 1207 680 fecit
1222 670 1235 689 ,
1268 652 1318 680 ex
1343 651 1422 693 qua
1440 647 1647 694 appareat,

227 712 318 740 non
350 698 514 739 minimi
553 698 753 738 momenti
786 712 850 739 eas
879 712 943 739 res
977 695 1113 744 fuiffe;
1154 712 1248 739 nam
1267 700 1336 751 (p.
1358 705 1452 750 156.
1482 702 1516 740 A
1545 699 1566 752 )
1599 713 1651 740 ex

231 772 317 802 PLu
331 769 524 800 'raacuo
555 753 627 797 suo
649 755 771 798 nobis
794 756 950 806 narratss
983 759 1192 813 Parthos,
1220 758 1398 800 Labieno
1426 760 1550 813 duce,
1580 770 1651 800 to-

229 829 320 859 tam
337 817 482 871 Afiam
497 848 513 870 ‚
544 817 636 857 inde
651 818 702 858 ab
729 818 939 873 Euphrate
962 819 999 862 ξ’]
1026 820 1157 875 Syria
1184 818 1305 874 usque
1340 819 1397 859 ad
1413 819 1582 860 Ioniam
1609 821 1648 864 ἃ

230 878 436 936 Lydiam,
468 879 510 917 in
528 875 899 933 potestatemfizam
920 876 1113 932 redegzffe.
1175 876 1253 917 Sed
1276 877 1474 917 nimirum
1499 875 1650 918 nescie-

231 930 302 977 bat
326 935 454 977 homo
476 934 632 981 noster,
666 935 778 976 illam
803 934 928 989 ipsam
949 935 1202 979 Parthorum
1235 939 1278 977 in
1308 935 1455 990 Asiam
1483 939 1648 993 expedi-

231 999 412 1052 tionem,
443 1008 679 1038 LABIENO
708 996 804 1037 duce
823 996 1059 1052 ficfieptam
1071 1027 1088 1050 ,
1119 992 1193 1035 effe
1216 997 1395 1036 eamdem
1408 1027 1425 1049 ,
1450 1011 1529 1052 qua
1554 1011 1649 1039 SA-

231 1069 305 1100 ΧΑ
328 1058 502 1114 Syriam
523 1064 676 1096 tenente
704 1056 865 1097 accidit.
927 1054 1020 1109 Jam
1042 1067 1167 1102 vcro,
1204 1055 1394 1107 quamvis
1422 1054 1460 1094 ἃ
1480 1056 1649 1099 Labieni

232 1116 271 1156 &
300 1114 584 1167 expeditionis,
598 1111 649 1154 ab
680 1127 730 1154 eo
768 1127 865 1154 cum
899 1110 1147 1155 Parthorum
1182 1113 1311 1164 copiis
1341 1111 1534 1155 adversus
1558 1115 1649 1157 Ro-

231 1186 377 1215 manos
406 1170 618 1222 susceptae,
653 1170 874 1215 hocloco,
908 1180 955 1210 ut
985 1170 1096 1216 dixi,
1131 1171 1289 1210 mentio
1310 1168 1411 1217 fiat;
1444 1180 1581 1214 tamen
1601 1173 1646 1215 id

232 1227 365 1282 ipsum
396 1225 534 1270 rursus
570 1227 689 1280 plane
721 1227 841 1268 aliter
876 1224 1027 1269 factum
1058 1226 1273 1279 videmus,
1306 1242 1429 1282 quam
1455 1233 1562 1273 ratio
1593 1233 1645 1273 ab

234 1294 441 1331 APPIANO
462 1284 645 1327 instituta
667 1285 907 1339 postulabat.
934 1297 937 1301 ·
969 1287 1079 1327 Nam
1098 1301 1190 1327 cum
1214 1301 1303 1327 non
1329 1288 1453 1329 modo
1483 1291 1527 1331 in
1558 1294 1648 1350 Sy-

234 1351 346 1391 riaco
365 1345 515 1392 Libro,
539 1343 678 1398 utjam
694 1341 839 1399 saepius
862 1346 1207 1394 monuimus,ille
1227 1344 1423 1399 profeffus
1437 1345 1508 1396 sit,
1530 1346 1569 1390 fe
1584 1366 1649 1392 co·

229 1407 346 1463 piose
368 1408 405 1450 ἃ
422 1415 605 1447 accurate
624 1417 669 1444 ea
690 1403 739 1444 de
761 1418 805 1445 re
830 1405 875 1444 in
897 1406 1099 1448 Parthico
1128 1404 1253 1447 Libro
1268 1405 1394 1447 verba
1416 1404 1620 1452 facturum
1632 1428 1646 1458 3

231 1477 381 1506 ‘verum
411 1464 532 1505 etiam
563 1464 735 1510 iterum,
769 1461 818 1504 de
847 1464 977 1505 Bellis
1019 1465 1139 1507 Civil.
1178 1464 1270 1512 Lib,
1294 1464 1346 1506 V.
1378 1480 1417 1519 p.
1449 1480 1551 1519 709.
1592 1469 1641 1514 E,

238 1523 445 1576 conceptis
461 1520 599 1562 verbis
623 1519 674 1562 fic
699 1519 922 1575 scripserit:
955 1538 1033 1578 quoe
1045 1536 1179 1564 autem
1200 1538 1471 1569 LABIENUS
1494 1529 1648 1572 &Par-

236 1582 298 1623 thi
309 1614 326 1636 ,
340 1595 430 1623 cum
437 1579 611 1633 fecerint
622 1612 638 1634 ‚
656 1590 742 1621 tum
759 1595 850 1621 vero
862 1579 1056 1636 paffifint
1067 1613 1083 1635 ‚
1099 1596 1145 1622 ea
1161 1595 1463 1626 PARTHICUS
1490 1600 1647 1630 LIBER

238 1641 479 1683 declarabit:
513 1633 625 1680 nu⁰nc
642 1652 664 1679 a
702 1639 982 1691 Compilatore
1008 1638 1147 1680 nostro
1171 1642 1267 1690 vix,
1309 1654 1355 1681 ac
1376 1655 1427 1683 ne
1454 1644 1525 1684 vix
1556 1646 1648 1697 qui-

238 1699 331 1740 dem
349 1729 361 1746 ‚
391 1711 520 1739 unum
539 1696 712 1739 verbum
727 1698 902 1751 amplius
919 1696 968 1738 de
984 1699 1189 1753 Labieno,
1218 1712 1263 1740 ac
1277 1697 1325 1739 de
1351 1698 1416 1741 his
1439 1715 1531 1755 quae
1552 1718 1647 1746 cum

237 1756 431 1801 Parthico
455 1757 637 1798 exercitu
658 1755 726 1798 ille
743 1758 786 1797 in
812 1757 927 1809 Syria
944 1754 1112 1809 Afiaque
1137 1755 1319 1810 gesserit,
1347 1773 1648 1804 commemora-

240 1826 330 1859 tum
354 1817 549 1871 legimus,
585 1828 708 1869 quam
733 1816 783 1856 iis
807 1812 901 1869 ipfis
924 1815 1023 1857 locis
1046 1827 1276 1859 APPlANUS
1303 1830 1649 1863 commemorave-

240 1951 346 1998 plane
367 1949 522 1989 videbit,
550 1948 596 1986 ad
620 1959 701 1986 eum
727 1947 848 1985 locum
870 1960 922 1985 re·
971 1949 1016 1985 cle
1032 1950 1103 1994 jam
1122 1949 1243 1986 eadem
1263 1948 1321 1985 illa
1340 1949 1462 1993 verba,
1491 1952 1529 1993 ῶς
1552 1968 1648 1998 oreon-

241 2000 388 2036 ferenda
409 1998 475 2035 effe
494 1997 599 2034 vei'ba
616 1997 676 2033 illa
692 1998 730 2037 ὦς
750 1996 923 2041 προειρήκα-
970 1997 1102 2042 ρῆκαμεν
1115 2024 1125 2041 ,
1172 1997 1295 2043 quibus
1322 1998 1367 2033 ad
1395 2010 1498 2043 eum,
1542 2013 1648 2046 quem

242 2062 307 2087 μεν.
338 2047 440 2093 Atqui
457 2046 613 2092 quamvis
628 2056 743 2090 neque
755 2044 923 2081 eumdem
973 2045 1067 2087 dixi,
1091 2045 1209 2081 locum
1229 2046 1389 2082 Lectores
1408 2046 1485 2083 suos
1511 2048 1649 2095 delega-

241 2094 384 2138 locum,
422 2106 537 2141 neque
561 2093 669 2130 alium
697 2093 896 2139 quempiam
910 2118 921 2136 ‚
972 2092 1025 2129 vit
1046 2102 1340 2137 PLUTARCHUS,
1377 2093 1477 2131 fimul
1497 2108 1576 2132 cum
1595 2111 1651 2135 re.

243 2154 313 2188 quo
333 2144 466 2180 eaedem
488 2143 629 2180 Antonii
649 2142 749 2178 dotes
772 2153 925 2186 expone·
973 2139 1077 2186 liquis
1106 2141 1219 2178 verbis
1242 2142 1483 2181 transscribere
1499 2156 1571 2182 non
1586 2147 1651 2185 du-

243 2198 382 2231 rentur,
419 2191 486 2228 suae
509 2189 750 2237 compilationi
770 2188 925 2226 inseruis-
972 2188 1096 2226 bitavit
1116 2201 1150 2236 p.
1182 2195 1258 2236 163.
1286 2191 1324 2228 E.

244 2237 296 2274 set
315 2237 449 2276 Artifex
467 2239 605 2283 noster3
631 2246 750 2275 tamen
771 2239 866 2275 bona
877 2237 922 2283 fi-
