1990 2694
266 138 335 188 24
676 138 1306 178 EXERCITATIONUM

272 241 391 284 niam
414 238 449 281 is
467 236 611 282 omiss'o
634 240 804 299 Illyrico
819 269 830 285 ‚
871 240 908 281 &
938 240 983 280 in
1012 236 1137 281 finem
1163 240 1298 293 operis
1316 238 1465 295 rejecto
1481 241 1692 295 Arabico,

276 301 509 345 Achaicum
534 314 626 341 cum
642 301 789 343 Jozzico
802 332 817 353 ,
849 301 1031 353 itemque
1044 299 1290 342 Parthicum
1318 315 1409 343 cum
1424 303 1601 360 Syriaco
1613 333 1630 356 ‚
1647 302 1693 341 in

281 374 415 403 unum
456 358 740 412 conjunxerat.
802 359 865 399 De
902 368 1146 412 argumento
1179 368 1317 399 autem
1344 358 1470 412 hujus
1491 390 1503 407 ‚
1534 360 1582 402 de
1609 374 1694 413 quo

281 433 396 461 nunc
426 419 673 472 quaerimus,
715 416 860 464 Libri,
893 416 1004 472 quod
1031 415 1197 470 quidem
1227 431 1277 458 ex
1305 416 1572 472 inscriptione
1608 433 1694 460 non

279 476 398 520 facile
425 486 616 530 apparet,
650 473 758 517 nihil
779 475 898 530 plane
921 474 1107 518 referunt
1133 490 1267 529 neque
1296 488 1525 524 ΡΗοΤιυε,
1559 492 1694 532 neque

279 540 529 595 Anonymus
562 532 711 576 noster.
777 535 895 589 Apud
917 533 1048 588 ipsum
1080 547 1353 582 ΑΡΡῙΑΝυΜ,
1387 536 1433 576 in
1461 536 1520 577 eis
1549 536 1694 587 libris,

281 598 354 650 qui
385 594 508 637 hodie
526 593 707 640 exstant,
740 594 852 636 illam
887 593 985 635 libri
1013 592 1348 647 inscriptionem,
1383 593 1535 636 nullibi
1555 597 1700 637 memi-

280 657 325 696 ni
346 662 720 696 commemoratam.
787 655 1088 706 Argumentum
1104 663 1241 695 autem
1268 655 1405 696 ultimi
1424 652 1624 696 universae
1636 653 1699 695 hi-

281 713 414 757 storiae
441 711 520 755 suae
544 711 661 759 libri,
694 710 761 754 his
795 711 934 755 verbis
968 712 1192 755 declaravit
1222 714 1396 755 Auctor:
1426 711 1491 765 cc)
1531 713 1699 768 Postre—

282 790 374 817 mus
400 784 536 815 autem
558 773 689 826 liber(
701 772 776 827 qui
798 785 863 814 res
891 773 1078 814 continet
1104 771 1191 825 post
1215 771 1414 814 devictam
1438 772 1488 814 ab
1513 772 1698 827 Augusto

281 833 503 887 AEgyptum
538 831 698 886 gestas)
728 835 870 889 copias
896 847 1049 890 qaoque
1081 843 1254 890 quantas
1278 834 1394 874 alant
1422 835 1631 888 Romani,
1662 835 1701 879 ξς

282 908 382 951 quos
398 894 548 935 reditus
561 907 610 933 ex
621 906 774 949 quaque
791 895 1007 948 provincia
1033 894 1229 948 capiant,
1262 894 1404 949 quidve
1431 896 1473 935 in
1500 893 1700 947 custodias

283 953 449 995 navales
481 951 748 1008 quarumdam
764 954 1072 1007 provinciaram
1110 953 1289 1008 amplius
1311 966 1432 1009 quam
1466 954 1523 993 eis
1543 967 1593 993 ex
1623 951 1702 1007 iis—

286 1014 376 1055 dem
388 1014 615 1067 provinciis
642 1011 743 1053 redit
770 1009 845 1062 dd)
858 1043 874 1066 ,
897 1011 1165 1068 impendant,
1191 1008 1414 1068 &ejusdem
1423 1014 1578 1068 generis
1588 1011 1674 1059 alia
1683 1043 1702 1066 ,

287 1071 524 1113 declarabit.
585 1070 651 1110 De
678 1068 823 1110 eodem
858 1068 966 1110 libro
988 1069 1254 1124 intelligenda
1289 1069 1485 1112 videntur
1506 1084 1576 1118 ea,
1610 1084 1702 1123 quae

285 1126 362 1170 sub
379 1126 506 1169 finem
521 1129 683 1186 Illyrici
704 1125 798 1168 libri
817 1128 862 1168 in
875 1126 983 1169 hanc
998 1126 1240 1169 sententiam
1252 1128 1352 1170 dicit
1382 1130 1556 1171 Auctor:
1582 1130 1704 1187 Qua-

276 1202 438 1245 cunque
458 1186 533 1236 (in
555 1185 758 1236 Illyrico)
780 1197 873 1227 ante
883 1187 1094 1242 fizhac‘t‘am
1116 1188 1350 1245 AEgyptum
1368 1188 1451 1244 fich
1474 1188 1598 1229 libera
1620 1189 1704 1230 Re-

280 1247 449 1303 publica
468 1244 573 1300 gesta
584 1246 713 1301 fitnt,
745 1240 1029 1301 easeparatim
1060 1245 1240 1301 exposita
1250 1245 1365 1301 fimt.
1431 1246 1548 1304 Quas
1568 1256 1702 1286 autem

283 1305 306 1360 (
326 1303 453 1359 hujus
473 1304 626 1345 tractus
645 1303 665 1356 )
685 1314 821 1359 gentes
830 1303 925 1361 post
940 1305 1047 1347 illud
1058 1315 1216 1360 tempas
1240 1305 1421 1361 Coefizres
1442 1315 1515 1347 aut
1538 1308 1582 1347 in
1592 1305 1705 1361 obse-

281 1367 380 1422 quio
406 1361 731 1415 confirmarant,
762 1373 835 1403 aut
853 1358 1294 1418 primamsubegerant
1308 1396 1323 1417 ‚
1351 1366 1397 1406 de
1414 1364 1481 1407 his
1495 1375 1704 1421 tamquam

277 1423 466 1480 propriis
486 1420 672 1477 ipsorum
688 1418 846 1474 fadis,
872 1420 965 1477 post
995 1435 1228 1463 communes
1252 1435 1315 1463 res
1343 1424 1524 1477 dicetur,
1555 1421 1619 1473 ee)
1638 1422 1705 1463 ubi
1725 1446 1728 1449 -

284 1484 410 1524 etiam
437 1480 484 1521 de
508 1478 651 1533 Moefis
670 1479 796 1535 plura
826 1480 976 1522 dicam.
1037 1480 1177 1530 Qare
1211 1478 1316 1521 mihi
1347 1479 1514 1533 quidem
1541 1482 1703 1528 omnia,

287 1552 382 1594 quae
404 1536 479 1578 sub
506 1536 834 1589 Imperatoribus
854 1537 951 1578 inde
984 1534 1034 1577 ab
1066 1537 1247 1590 Augusto
1275 1538 1324 1579 ad
1347 1536 1416 1580 sua
1441 1536 1526 1580 sere
1551 1548 1708 1592 tempo-

288 1610 335 1639 ta
366 1594 474 1651 gesta
503 1591 629 1641 sunt,
663 1591 782 1636 fimul
818 1607 913 1636 cum
948 1592 1221 1648 descriptione
1256 1593 1427 1643 formae,
1458 1596 1611 1645 status,
1645 1599 1707 1639 vi-

284 1656 403 1700 tium
422 1661 546 1706 atque
568 1651 779 1694 redituum
806 1652 975 1706 Imperii
1007 1652 1209 1701 Romani,
1244 1668 1330 1695 uno
1360 1653 1587 1708 eodemque
1610 1656 1708 1697 ulti.

287 1727 359 1757 mo
372 1710 501 1756 Libro
523 1709 763 1765 complexus
778 1707 852 1753 effe
866 1710 1034 1754 videtur
1052 1724 1298 1757 strennus.
1360 1713 1468 1755 Nam
1502 1714 1613 1768 quod
1627 1712 1708 1756 hoc

288 1774 385 1822 loco
411 1771 637 1827 promittit,
672 1767 711 1812 se
736 1769 787 1811 de
807 1771 1109 1825 Imperatorum
1143 1771 1259 1814 factis
1281 1771 1512 1815 relaturum
1538 1771 1634 1824 effe,
1665 1772 1709 1815 id

285 1829 377 1876 fere
399 1844 487 1874 non
512 1826 590 1873 nifi
604 1827 812 1884 postremo
827 1829 936 1873 libro
957 1828 1049 1873 fieri
1069 1839 1230 1885 poterat
1242 1846 1255 1879 ;
1286 1841 1410 1886 atque
1423 1831 1577 1874 librum
1598 1846 1707 1880 eum,

1637 1892 1709 1945 qui

287 2014 374 2051 loco
399 1995 502 2049 fuiii‘e
535 2009 750 2047 Parthicam
781 2007 980 2055 historiam,
1070 2007 1138 2055 ff)
1172 2009 1266 2047 Nam
1303 2009 1341 2047 in
1379 2007 1489 2047 Flavii
1517 2006 1710 2055 Vespasiani

288 2060 395 2106 supra
409 2057 627 2095 declaratum
649 2056 719 2101 est,
746 2057 793 2094 N.
820 2056 957 2103 (xm.)
1029 2056 1179 2095 Historia
1195 2057 1240 2094 ad
1257 2058 1355 2115 liunc
1368 2056 1711 2114 vticqfimumficun-

342 2108 400 2192 οἳ
411 2103 736 2198 ἷέἔῖῗιῖὶᾶάέἶέ.
750 2103 809 2189 fii.
832 2151 877 2190 n.
1032 2105 1711 2200 ‘i‘S'ZAssi’fflsszaffbffiitpss‘fvssssssf

313 2156 398 2249 *ἐῷ
409 2197 753 2255 Vid.supraNot.w.
768 2200 815 2264 ad
826 2200 987 2248 (N0XV.)
1033 2201 1131 2239 Edit.
1157 2200 1258 2239 Parii:
1284 2200 1372 2248 ubi,
1400 2211 1482 2239 cum
1507 2201 1552 2238 de
1570 2200 1714 2247 Josephi
