1990 2694
539 134 643 171 -ΙΝ
707 107 1056 173 armanum.
1101 131 1276 172 sac’ra
1318 135 1399 180 tv.

1624 137 1689 181 33

276 231 472 288 scriptum
498 231 676 275 habent:
721 248 896 288 quorum
930 233 1256 287 fragmentorum
1284 227 1396 274 sedes
1420 233 1462 274 in
1499 241 1693 278 APHAN'T

276 293 472 343 historia,
508 291 532 333 fi
561 293 682 334 morlo
706 292 798 337 sunt
825 309 845 335 c
873 294 987 334 libris
1016 295 1065 334 ad
1096 292 1273 333 nostram
1291 305 1449 334 aetatem
1477 291 1690 334 conserva.

277 354 329 394 tis
356 349 559 400 defututa,
600 353 648 394 ad
677 367 818 395 eorum
848 353 1039 406 pleraque
1064 353 1170 393 idem
1193 354 1408 394 adnotavit
1434 350 1690 408 dirigentiffi-

276 425 369 453 mus
396 424 542 456 SUIDAE
557 416 731 464 Edit0r;
766 415 821 454 ita
843 424 1002 459 tamen,
1038 425 1084 453 ut
1109 426 1184 454 nec
1210 414 1250 453 in
1271 410 1336 453 his
1364 412 1540 455 aliorum
1559 411 1685 454 indu-

276 470 380 511 striae
408 470 511 512 nihil
548 471 813 525 supplendum
846 473 1072 525 reliquerit.
1107 478 1155 522 o)
1219 473 1324 522 Qae
1350 485 1449 513 vero
1475 471 1682 518 inlibris.

279 543 383 585 quos
412 529 533 572 hodie
558 533 600 572 in
623 530 815 572 manibus
837 529 1057 578 habemus,
1076 543 1161 570 non
1180 530 1477 579 inveniuntur,
1509 544 1553 572 ea
1568 528 1687 583 quof-

275 604 369 632 nam
396 587 472 632 fint
490 589 538 631 ad
571 589 698 632 libros
730 587 966 641 referenda,

999 591 1042 631 in
1071 587 1175 631 bene
1208 589 1350 632 multis
1376 589 1486 632 haud
1512 587 1683 632 obscure

276 650 532 704 intelligitur.
555 649 608 706 p)
671 652 1032 703 Quorumcunque
1045 659 1180 691 autem
1205 664 1253 690 ex
1270 647 1377 691 hisce
1398 662 1548 693 SUIDAE
1569 652 1686 692 Lexi-

270 724 323 756 [co
349 710 508 750 insertis
543 708 779 762 fragmentis
816 720 958 756 certae,
994 722 1092 762 quas
1117 708 1224 761 apud
1259 711 1436 760 primum
1467 710 1685 751 Auctorem

277 766 393 809 suum
427 778 698 820 occuparant,
732 765 841 809 sedes
878 766 1013 809 adhuc
1035 768 1216 809 inventae
1239 765 1362 818 sunt,
1396 780 1441 809 ea
1467 769 1611 811 cuncta
1636 781 1689 809 ex

276 840 431 870 novem
456 829 640 881 priorum
664 840 854 870 ΑΡΡΙΛΜ
887 826 1089 870 librorum
1116 826 1256 882 aliquo
1280 824 1462 870 desumta
1486 826 1607 870 sunt:
1634 841 1687 870 ex

278 948 412 986 sensum
445 947 677 991 necessarius,
719 960 737 984 e
766 957 888 985 sumA
907 947 955 984 'in

280 1005 486 1033 contextum
523 1004 699 1031 APPIANI
735 996 956 1040 recipiendus

279 1052 376 1084 erat,
403 1043 498 1089 quod
517 1051 763 1079 STEPHANUS
786 1043 822 1079 in
838 1046 959 1079 Anno-

280 1093 485 1129 taticmibus
500 1092 570 1135 jam
591 1091 748 1134 monuit3
776 1090 833 1128 sed
852 1091 957 1127 etiarn

277 1152 343 1187 pro
369 1139 593 1181 δοξοκομπίας,
644 1139 738 1184 quod
762 1141 794 1175 &
826 1147 960 1176 cetero-

277 1189 361 1234 quin
384 1186 538 1224 sublestae
560 1186 643 1222 fidei
670 1198 801 1223 nomen
823 1187 889 1230 est,
925 1189 958 1224 &

277 1234 404 1272 nullibi
434 1235 516 1270 alias
542 1234 636 1280 apud
657 1235 869 1279 Scriptorem
895 1245 959 1270 no-

276 1284 379 1319 strum
406 1282 584 1324 occurrit,
611 1282 757 1317 omnino
784 1282 960 1322 δοξοκοπίας

278 1335 378 1377 (quo
394 1328 727 1377 probato-vocabulo
747 1330 851 1367 etiam
872 1329 954 1366 alibi

275 1381 328 1416 uti
346 1378 433 1415 solet
455 1381 580 1414 Auctor
595 1378 734 1421 noster)
763 1389 807 1414 ex
826 1378 953 1414 eodem

279 1435 402 1463 suma
426 1426 463 1461 in
498 1433 668 1461 aprum
696 1423 952 1470 exemplaribus

275 1474 343 1512 fuit
364 1473 617 1519 reponendum.
646 1491 701 1500 —-
726 1471 830 1509 Aliud
857 1472 955 1519 Frag-

276 1530 437 1559 mentum
460 1529 632 1556 Appum
661 1520 756 1565 quod
777 1523 817 1556 V.
839 1521 955 1561 Σόωαξ

274 1570 548 1616 apud18U1DAM
564 1568 691 1613 legitur
701 1592 712 1609 ‚
726 1568 825 1612 ouius
837 1567 956 1604 sedem

276 1619 316 1656 iti
343 1625 400 1654 em
421 1628 493 1652 non
517 1616 698 1652 adnotavit
717 1618 930 1653 KiiSTERUS
944 1644 955 1660 ‚

265 1677 299 1702 τ
337 1676 381 1702 ex
394 1665 529 1710 Libyca
542 1664 701 1709 Historia
712 1674 746 1708 p.
759 1675 791 1707 9.
805 1663 848 1699 D.
862 1664 900 1699 E.
914 1680 958 1688 —

280 1712 389 1760 Quod
418 1713 457 1748 V.
480 1710 652 1758 Συνήδομαμ
678 1711 825 1754 citatur,
853 1711 889 1746 id
914 1721 958 1747 ex

279 1761 524 1800 Macedonico
556 1768 730 1795 APPIANI
763 1758 866 1795 libro·
885 1759 954 1798 est,

279 1817 384 1856 atque
415 1808 521 1844 exstat
544 1808 578 1842 in
610 1806 858 1851 copiosioribus
890 1806 958 1841 illis

281 1869 325 1895 ex
346 1864 522 1893 APPIANI
544 1853 689 1891 Historia
705 1854 915 1900 Excerptis,
938 1864 957 1888 a

281 1913 439 1942 FULVIO
456 1911 612 1941 unsmo
632 1902 744 1945 editis,
755 1900 955 1938 N.XXVII.

281 1964 305 1999 p
326 1964 372 2047 123)
389 1964 454 2035 ⁹Sic
468 2024 479 2040 ,
507 2004 548 2034 ut
562 1996 631 2033 hoc
648 2002 747 2039 utan,
773 1995 960 2041 Fragmen-

281 2055 358 2084 tum
376 2046 497 2090 illud‚·
513 2045 608 2092 quod
623 2056 709 2081 voce
732 2042 859 2086 Λιθοέξω
873 2042 960 2081 falso

282 2105 473 2133 manno
495 2095 599 2135 tribui
619 2093 719 2139 supra
740 2092 956 2132 notavimus,

284 2150 379 2182 (not.
394 2142 588 2179 n.)effe'ex
611 2149 780 2180 APPIANI
801 2141 911 2176 Libro
930 2141 959 2177 I.

282 2190 340 2228 seu
364 2191 407 2226 de
424 2190 599 2259 Regium,
625 2191 658 2228 δι
680 2201 781 2237 agere
797 2187 965 2236 ὀσμῆς).

1003 949 1052 984 ria
1082 948 1163 991 illa,
1206 960 1309 993 quam
1341 957 1526 986 LIVIUS
1558 949 1635 986 Lib.
1660 948 1687 984 Ι.

1005 1006 1081 1040 cap.
1100 1005 1159 1031 xl.
1184 996 1310 1038 refert,
1330 996 1434 1032 facile
1449 1004 1556 1042 patet.
1571 1016 1624 1022 —
1644 996 1689 1032 11-

1004 1043 1068 1079 lud
1102 1045 1141 1079 V.
1189 1046 1396 1084 Βλσισφημῶ·
1424 1046 1449 1079 οἱ
1476 1044 1504 1081 δὲ
1532 1044 1690 1085 {Chao-0²1¹-

1005 1106 1079 1131 μουν
1104 1090 1217 1131 αὖτδν,
1254 1092 1292 1132 ὥς
1316 1093 1420 1133 κακῶς
1446 1095 1495 1129 ἐπὶ
1523 1096 1612 1138 τρισὶν
1635 1092 1688 1128 οἶν-

1006 1138 1091 1184 δρσίω
1111 1139 1153 1174 τοὶ
1177 1138 1277 1176 ποίνἹοι
1295 1140 1437 1183 θέμενον,
1465 1142 1523 1178 vix
1539 1141 1689 1178 dubium

1005 1187 1074 1223 effe
1092 1187 1204 1233 potest
1216 1211 1226 1227 ,
1255 1188 1339 1233 quin
1358 1199 1402 1224 ex
1420 1190 1549 1225 eodem
1575 1192 1687 1234 Regio

1006 1235 1230 1280 depromtum
1249 1261 1260 1275 .,
1316 1236 1348 1271 &
1383 1235 1429 1271 ad
1460 1237 1689 1272 Horatiorum

1007 1293 1090 1317 cum
1117 1282 1277 1317 Curiatiis
1307 1284 1543 1328 tergeminum
1577 1292 1688 1320 certa-

1005 1341 1087 1367 men
1118 1329 1159 1366 {it
1181 1329 1429 1374 referendum;
1469 1332 1526 1369 de
1539 1344 1609 1379 quo
1631 1340 1689 1368 LI-

1006 1387 1103 1413 vlus
1126 1378 1152 1413 I.
1183 1389 1239 1420 25.
1280 1379 1528 1424 Corfiderant
1556 1383 1687 1416 utrim—

1003 1436 1091 1472 que,
1121 1425 1258 1470 inquit,
1290 1436 1361 1471 pro
1378 1426 1502 1472 castris
1526 1427 1600 1462 duo
1619 1437 1684 1464 ex-

1003 1474 1153 1515 ercitus,
1175 1473 1335 1519 periculi
1356 1475 1683 1522 magispraesentit',

1003 1532 1114 1567 quam
1126 1531 1215 1556 curae
1224 1546 1234 1562 ‚
1247 1528 1415 1566 expertes
1427 1536 1438 1555 .·
1465 1525 1602 1569 quippe
1621 1527 1688 1558 im·-

1000 1570 1147 1614 perium
1177 1567 1358 1611 agebatur
1384 1570 1421 1603 in
1452 1576 1528 1605 tam
1551 1581 1690 1616 pauco-

1005 1626 1087 1651 rum
1109 1617 1252 1651 virtuce
1281 1627 1325 1651 ac
1337 1615 1503 1661 fortuna
1525 1616 1690 1665 postcum

1008 1661 1085 1704 &a
1124 1662 1212 1707 Quae
1237 1664 1276 1697 V.
1303 1665 1505 1706 Ha'uweoe‘loes,
1533 1667 1691 1711 itemque

1013 1712 1051 1745 V.
1078 1709 1298 1750 Ἀλιαξαέμενος
1318 1710 1363 1745 de
1374 1710 1510 1748 Marcio
1542 1718 1549 1746 ί
1570 1714 1692 1753 Corio-

1005 1757 1112 1799 lano)
1145 1757 1189 1793 ad
1214 1756 1355 1794 Volscos
1384 1759 1582 1798 transeunte
1603 1762 1691 1800 inse-

1005 1812 1149 1847 runtur,
1183 1816 1227 1840 ex
1240 1805 1408 1849 ficundo
1441 1818 1619 1846 APPIANI
1650 1810 1693 1846 li-

1005 1852 1068 1888 bro
1103 1851 1126 1889 s.
1160 1853 1291 1889 Italico
1322 1853 1390 1890 effe
1412 1880 1440 1900 ‚v
1465 1856 1691 1903 perspicuum

1005 1901 1062 1937 est.
1090 1919 1130 1926 —
1165 1900 1412 1947 Fragmentum
1435 1904 1481 1939 ad
1508 1906 1547 1940 V.
1575 1909 1692 1944 Λιφαί.

1004 1952 1077 1991 μεῖ,
1107 1948 1152 1985 de
1173 1949 1272 1992 cujus
1296 1951 1510 1995 Argumento
1534 1952 1615 1988 vide
1633 1952 1691 1988 Li.

1008 2005 1122 2032 VIUM
1149 1996 1226 2032 vu.
1255 2001 1313 2032 26.
1337 2008 1383 2043 ex
1409 2000 1540 2035 Celtico
1563 1999 1633 2036 effe
1649 2001 1690 2035 li·-

1002 2044 1070 2081 bro
1084 2071 1095 2089 ‚
1120 2043 1226 2091 perse
1249 2047 1691 2093 patet3eodemquepertk

1010 2104 1097 2130 nere
1118 2092 1228 2137 illud,
1264 2095 1358 2140 quod
1383 2094 1432 2132 est
1458 2096 1503 2133 de
1521 2096 1690 2132 Britannis

1016 2143 1057 2178 V.
1081 2144 1278 2187 Hoepofuiicm
1292 2167 1302 2182 ‚
1330 2153 1374 2180 ex
1397 2144 1439 2180 iis
1464 2143 1690 2188 intelligitur,

1009 2200 1087 2235 quae
1116 2191 1201 2282 deE
1210 2191 1344 2229 celrico
1380 2190 1469 2230 libro
1508 2192 1597 2229 Seek.
1628 2191 1693 2230 111.
