1990 2694
583 100 652 138 IN
700 100 1044 139 APPIANUM
1089 90 1382 146 snc'r..11.
1655 104 1707 157 9>

281 216 433 261 quaque
454 199 641 257 gefferint
659 204 865 258 Romani,
899 204 937 248 ἃ
959 217 1149 260 quaenam
1162 200 1297 255 suerit
1323 204 1492 244 illarum
1509 207 1688 258 gentium

269 262 356 318 sive
384 260 604 317 iufirmitas
615 261 702 317 sive
722 260 959 317 fortitudo,
989 276 1176 320 quaenam
1199 261 1336 318 rursits
1355 259 1517 305 vic‘loris
1538 266 1689 319 populi

269 322 357 375 five
385 325 513 365 virtus
528 321 614 374 sive
634 320 839 378 fortuna,
870 325 908 368 ἃ
940 322 1138 378 quidquid
1152 323 1329 379 ‘denique
1363 322 1482 364 aliud
1507 327 1688 365 maxime

279 379 537 422 memorabile
570 383 613 422 in
646 382 819 438 qualibet
841 383 1056 437 provincia
1082 382 1209 421 incidi
1244 391 1281 421 et
1293 412 1309 434 ,
1334 382 1505 436 planius
1538 396 1688 437 cogno-

268 437 423 495 fieiem
452 440 795 498 intelligeremque.
866 443 986 483 Nunc
1014 449 1149 481 autem
1183 442 1363 495 cogitans
1379 472 1398 495 ,
1430 437 1529 493 fore
1561 444 1685 483 etiam

280 501 388 540 alios
414 498 482 553 c),
513 503 581 555 qui
608 500 740 553 simili
771 502 927 541 ratione
956 513 1017 540 res
1040 501 1325 541 Romanorum
1353 500 1584 555 cognoscere
1611 516 1686 543 cu·-

272 561 422 613 piant,
452 560 589 599 eadem
611 558 687 600 hac
707 561 862 600 ratione
885 561 1121 601 Romanam
1141 557 1350 611 historiam
1361 590 1378 613 ,
1407 573 1486 614 per
1496 558 1683 614 singulas

272 628 407 673 gentes
431 627 550 674 atque
571 620 806 673 provincias
831 617 1081 671 distributam
1094 649 1111 672 ,
1133 618 1375 673 perfiribere
1398 619 1621 673 adgredior.

389 675 441 717 ΙΙ.
477 676 610 728 Atque
635 675 720 718 haec
743 675 909 729 quidem
930 676 1034 717 ratio
1051 688 1115 716 res
1131 676 1414 718 Romanorum
1436 677 1683 728 pertractan-

277 733 319 775 di
344 749 428 775 non
454 735 574 774 nimis
597 733 701 776 forte
731 733 945 776 commoda
975 733 1108 775 videri
1135 732 1255 787 poffit
1286 734 1337 776 ad
1373 732 1681 776 informandam

273 792 513 834 Led'toribus
537 795 816 834 continentem
837 804 958 847 atque
982 792 1158 834 lucidam
1172 790 1373 835 universa:
1400 792 1580 835 historiae
1597 796 1678 837 Ko-

272 866 402 893 manae
424 853 640 893 notitiam:
669 850 864 906 siquidem
889 866 933 893 ea
959 853 1118 893 ratione
1145 866 1231 892 non
1255 851 1357 893 adeo
1386 851 1502 894 facile
1528 852 1677 908 perspi-

273 912 309 952 ci
337 907 441 964 posse
468 910 687 952 videantur
709 913 1063 952 incrementorum
1098 911 1156 950 rei
1183 909 1594 956 Romanae,suceeffio
1618 923 1678 954 at-

271 983 350 1023 que
380 967 604 1022 proceffus,
638 967 845 1023 causaeque
868 984 889 1010 e
913 968 1099 1021 pluribus
1130 978 1251 1021 atque
1276 971 1401 1010 variis
1432 970 1676 1024 plerumque

267 1027 491 1068 momentis
524 1037 625 1080 aptae
657 1036 780 1080 atque
808 1040 1025 1074 connexae,
1068 1026 1220 1080 quibus
1249 1041 1420 1081 quaeque
1449 1027 1673 1082 infignior,

266 1085 335 1127 vel
363 1085 501 1132 domi.
533 1086 598 1127 vel
619 1083 722 1127 foris
739 1119 752 1137 ,
793 1082 930 1127 effeda
956 1098 1094 1126 rerum
1110 1084 1234 1139 hujus
1252 1085 1398 1140 populi
1420 1083 1501 1127 five
1530 1089 1575 1128 in
1591 1102 1674 1129 me-

267 1145 348 1187 lius
381 1142 464 1185 five
485 1145 530 1185 in
556 1143 670 1199 pejus
700 1142 914 1188 convcrfio
937 1143 1021 1190 est;
1049 1154 1140 1187 tum
1161 1158 1260 1186 vero
1292 1146 1512 1200 quoniam,
1545 1146 1671 1190 status

264 1202 500 1259 reipublicae
525 1218 571 1246 ac
594 1201 775 1245 universi
796 1204 958 1257 imperii
976 1204 1143 1256 quinam
1169 1203 1357 1256 quolibet
1378 1213 1561 1259 tempore
1584 1205 1674 1248 fue-

264 1266 347 1312 rit,
376 1262 516 1306 eadem
541 1263 609 1306 illa
626 1264 783 1306 ratione
803 1277 892 1306 non
922 1260 1015 1305 satis
1043 1261 1248 1317 perspicue
1282 1263 1457 1319 intelligi
1480 1261 1587 1319 poffe
1612 1267 1673 1307 vi-

264 1323 428 1370 deatur3
462 1325 612 1377 quippe
643 1323 691 1364 de
724 1337 807 1375 quo
837 1337 859 1364 e
885 1322 1008 1364 rebus
1034 1324 1077 1363 in
1101 1337 1183 1363 una
1205 1333 1275 1364 aut
1301 1324 1425 1365 altera
1453 1326 1668 1376 provincia

261 1380 465 1437 figillatim
497 1381 615 1436 gestis
646 1380 910 1423 commodum
943 1378 1040 1421 ferri
1069 1379 1269 1432 judicium
1302 1394 1387 1420 non
1418 1379 1559 1433 potiit,
1589 1383 1666 1424 nisi

259 1454 397 1482 rerum
420 1442 608 1483 omnium
629 1438 959 1481 memorabilium
984 1452 1053 1491 per
1071 1435 1244 1492 singulas
1269 1440 1431 1492 imperii
1447 1451 1578 1494 partes
1595 1457 1665 1484 eo-

259 1498 350 1542 dem
372 1507 556 1552 tempore
579 1497 779 1552 gestarum
800 1495 1016 1550 descriptio
1041 1495 1159 1537 fimui
1188 1511 1320 1538 unum
1339 1497 1413 1538 sub
1434 1497 1665 1551 adspectum

255 1558 477 1601 lectoribus
498 1556 750 1611 subjiciatur.
813 1556 960 1610 Neque
984 1568 1083 1597 vero
1111 1555 1360 1610 culpandum
1380 1555 1560 1609 idcirco,
1594 1570 1665 1603 aut

251 1618 375 1660 etiam
397 1614 699 1671 spernendum,
734 1615 926 1657 APPIAM
956 1614 1083 1668 nostri
1120 1612 1333 1656 confilium
1372 1618 1661 1672 rationemque

250 1677 338 1720 ullo
365 1678 480 1731 paeto
505 1675 707 1719 duxerim.
770 1674 953 1716 Primum
980 1674 1089 1715 enim
1112 1675 1249 1728 negari
1291 1688 1377 1716 non
1405 1675 1558 1729 potest,
1588 1692 1661 1721 an-

252 1737 365 1777 nales
388 1747 510 1789 atque
536 1734 724 1776 historias
748 1747 835 1781 eas,
864 1735 908 1774 in
930 1733 1080 1786 quibus
1109 1746 1173 1774 res
1191 1747 1333 1774 omnes
1362 1749 1432 1788 per
1460 1735 1659 1789 quascun.

251 1816 346 1863 quod
360 1815 558 1858 dicebatur,
577 1815 649 1850 otio
664 1821 801 1859 tempus
815 1820 923 1848 trans·
1017 1811 1055 1855 c)
1083 1812 1125 1848 In
1143 1814 1283 1859 graecis,
1311 1814 1372 1849 ubi
1395 1815 1548 1862 impressi
1577 1819 1656 1857 libri

249 1866 399 1909 miserit,
428 1864 486 1901 sed
511 1863 605 1910 quod
625 1863 661 1898 in
682 1862 759 1898 foro
775 1889 785 1905 ,
812 1861 851 1897 in
876 1861 924 1897 cl·
973 1858 1124 1897 habent:
1161 1864 1284 1902 νομίσας
1314 1860 1479 1899 ὃόιύτίκαι
1511 1870 1566 1901 καὶ
1595 1868 1655 1902 αἴλ-

247 1914 372 1950 vilibus
392 1912 562 1957 negotiis,
596 1911 634 1947 in
654 1910 760 1947 caulis
780 1909 922 1955 agendis
971 1919 1020 1943 λον
1054 1906 1145 1950 οὕτως
1176 1912 1318 1948 {Senia-m
1351 1912 1467 1950 μαθτῖν
1506 1914 1548 1948 ra}
1579 1915 1652 1950 ‘Po-›-

244 1961 351 1999 fuerit
378 1960 553 2003 versatus,
594 1958 671 1996 satis
698 1965 775 1995 tuto
805 1956 923 2004 colligi
970 1958 1092 1999 μαίων,
1121 1969 1185 2003 pro
1206 1958 1340 2001 αὐτίκα,
1368 1970 1411 1994 ex
1431 1961 1558 1997 Codice
1575 1964 1651 1998 Αιι-

247 2011 381 2054 potest,
429 2021 500 2045 non
525 2008 693 2045 mediocri
721 2006 834 2044 Latini
860 2004 927 2042 set·
970 2004 1125 2052 gustatio
1155 2008 1300 2044 omnino
1333 2008 1575 2053 reponendum
1604 2010 1653 2047 est

248 2058 363 2092 monis
380 2057 440 2093 usu
454 2058 618 2093 eumdem
629 2055 726 2091 fuiffe
739 2054 924 2090 imbutum.
975 2052 1014 2088 ἄν
1038 2069 1125 2096 τινα,
1153 2056 1247 2100 quod
1268 2057 1372 2092 etiam
1394 2057 1478 2092 citra
1506 2059 1651 2094 dubium

291 2106 335 2148 b)
362 2105 403 2141 In
420 2105 637 2152 Praefatione
650 2101 809 2142 universo
829 2100 926 2149 operi
973 2107 1073 2136 vetus
1102 2103 1284 2152 Interpres
1309 2104 1347 2139 in
1379 2103 1439 2139 suo
1464 2106 1650 2152 exemplari

246 2153 411 2198 praemiffa
426 2178 437 2196 ,
460 2165 537 2198 pag.
550 2153 625 2192 VII.
649 2152 696 2198 sq.
973 2148 1118 2239 legeraBt.
