1990 2694
315 145 392 221 78'
724 168 1336 212 EXERCITATIONUM

315 274 363 316 de
378 276 559 317 Ratione
572 308 588 330 ,
618 290 680 326 *ua
705 276 849 319 horum
858 273 1022 332 scripta
1037 277 1080 318 in
1103 274 1219 332 ufitm
1238 278 1479 320 converterit
1482 271 1610 334 fitam
1622 285 1746 330 ,mo-

317 333 453 374 nenda
475 290 713 387 superiqunt,
738 348 783 374 ea
800 335 965 387 paucis,
1001 345 1203 388 quatenus
1224 333 1273 375 ad
1296 333 1336 376 id
1361 334 1410 376 de
1435 350 1518 389 quo
1541 334 1742 389 quaeritur

318 389 523 443 sufficiat,
557 392 839 446 expediemus.
901 393 1142 441 Nimirum,
1187 392 1298 448 quod
1317 390 1343 434 si
1368 407 1418 434 ex
1446 394 1629 448 probatis
1657 393 1740 435 illis

315 453 354 494 ἃ
379 452 564 505 antiquis
592 452 788 495 Romana:
815 450 994 495 historiae
1022 450 1234 505 fontibus,
1267 467 1287 494 e
1311 452 1464 507 quibus
1486 451 1554 495 sua
1573 450 1740 495 haufiffe

313 508 510 564 tantisper
539 512 748 567 putandus
785 514 863 554 erit
896 524 1147 563 APPIANUS,
1183 513 1280 555 dum
1320 515 1575 555 contrarium
1613 511 1740 555 fuerit

314 567 519 614 ostensum
537 602 549 621 ‚
582 571 771 628 longiora
792 569 965 614 subinde
993 572 1081 614 loca
1107 571 1158 614 ad
1195 570 1370 616 v'erbum
1399 569 1641 626 descripsisse
1671 568 1742 614 de-

315 630 669 685 prehenderetur5
701 630 730 674 fi
757 631 800 673 id
828 631 1046 673 commoda
1074 632 1248 685 quadam
1277 634 1438 674 ratione
1464 630 1563 675 fecit
1581 662 1593 680 ‚
1630 629 1657 673 fi
1680 632 1741 673 lu-

315 689 485 733 culento
518 691 693 739 ordine,
725 702 850 746 atque
886 692 970 739 ita,
1001 700 1050 733 ut
1072 700 1165 745 apte
1203 693 1348 734 cuncta
1383 690 1639 742 cohaereant,
1673 704 1738 736 res

314 764 500 805 quasque
528 749 718 806 digeffit;
760 765 846 793 non
866 747 959 793 sane
980 749 1035 792 ob
1068 764 1156 793 eam
1186 766 1273 794 rem
1307 765 1477 795 fucus
1511 754 1740 794 alienorum

313 810 501 853 laborum
518 843 530 861 ‚
561 824 632 865 per
659 810 940 865 vituperium,
970 811 1112 853 vocari
1133 810 1371 853 merebatur
1387 827 1400 859 5
1429 809 1495 853 sed
1516 826 1607 855 cum
1638 812 1740 854 mel-

312 869 448 925 lifierae
470 871 610 924 potius
635 873 809 915 avicula
838 872 1019 926 ingenua
1046 885 1092 913 ac
1116 868 1255 913 solerti
1291 873 1329 914 δι
1354 870 1551 928 laudabili
1576 871 1740 926 affidui-

312 941 397 972 tate
431 932 712 988 comparanda
734 930 954 985 Scriptoris
989 929 1119 972 nostri
1152 931 1352 985 *industria
1377 930 1512 972 videri
1546 930 1734 972 debebat.

315 988 400 1038 Ac,
419 992 531 1044 quod
546 991 734 1034 Nomina
756 1003 901 1032 eorum
914 990 1166 1039 Auctorum,
1199 1002 1305 1045 quos
1329 987 1526 1045 excerpsit
1543 1025 1555 1042 ,
1587 1004 1672 1031 non
1692 991 1740 1032 in

345 1062 482 1103 unque
500 1049 779 1092 Historiarum
816 1046 981 1092 suarum
1021 1049 1220 1104 particula
1252 1047 1455 1104 figillatim
1482 1051 1520 1092 δι
1552 1060 1739 1092 accurate

314 1104 599 1161 adscripserim
631 1108 674 1150 id
699 1122 777 1150 nos
801 1106 999 1162 quidem,
1034 1109 1185 1163 quippe
1212 1109 1354 1151 nostro
1377 1108 1556 1162 quodam
1578 1111 1740 1150 incom-

312 1164 440 1209 modo
462 1164 645 1215 saelum,
679 1167 754 1220 qui
772 1164 874 1207 scire
902 1178 1148 1213 averemus,
1182 1166 1283 1220 quid
1312 1180 1365 1209 ex
1393 1181 1563 1222 quoque
1589 1168 1741 1210 Austo-

310 1231 356 1269 re
387 1221 622 1269 desumtum
648 1221 813 1274 fuiss'et,
843 1223 983 1267 dolere
1005 1222 1234 1280 poffemus=
1265 1239 1401 1281 neque
1423 1236 1561 1270 tamen
1581 1226 1739 1269 idcirco

310 1284 544 1340 culpandus
566 1292 815 1341 magnopere
843 1289 1070 1328 APPIANUS
1087 1282 1221 1327 fuerat
1236 1283 1403 1329 futurus
1418 1319 1432 1338 ,
1465 1286 1617 1330 nedum
1629 1289 1740 1330 Pla-

308 1348 370 1403 gie‘
388 1344 649 1401 arguendum
683 1344 836 1399 quippe
855 1344 931 1398 qui
951 1340 1034 1397 ipse
1057 1345 1100 1386 in
1116 1343 1377 1398 Praesatione
1393 1345 1549 1399 Operis
1572 1344 1737 1389 suinonv

309 1403 422 1447 aliud
452 1401 527 1446 fibi
552 1404 749 1447 meritum
771 1401 947 1450 tribuit,
974 1400 1050 1444 nifi
1076 1401 1121 1460 id
1145 1401 1274 1457 ipsum
1290 1432 1304 1452 ,
1337 1403 1451 1459 quod
1481 1405 1571 1447 illas
1597 1418 1736 1448 rerum

307 1463 593 1507 Romanarum
610 1459 814 1518 Historias
827 1491 840 1511 ‚
858 1460 910 1504 ab
922 1461 1014 1504 aliis
1027 1463 1263 1517 permultis,
1296 1472 1380 1505 tam
1398 1463 1555 1507 Graecis
1570 1498 1583 1518 ,
1608 1478 1734 1520 quam

308 1523 499 1573 Latinis,
537 1520 822 1578 Scriptoribu's
851 1518 1074 1577 expolitas,
1118 1523 1164 1565 iu
1200 1521 1314 1566 hunc
1341 1521 1595 1578 potiffimum
1624 1524 1736 1567 ordi-

307 1586 430 1630 nem,
462 1583 539 1637 qui
559 1580 635 1636 ipfi
653 1583 901 1637 peculiarem
914 1581 1096 1637 aliquam
1119 1583 1158 1625 δι
1184 1582 1522 1627 commoditatem
1544 1585 1583 1626 &
1600 1581 1736 1626 suavi-

308 1643 436 1684 tatem
459 1636 770 1697 utilitatemque
806 1639 1028 1684 videbatur
1063 1642 1226 1685 Lectori
1252 1641 1481 1696 allaturus,
1514 1640 1735 1700 digesserit.

307 1702 447 1755 Atque
468 1697 595 1755 ipsam
616 1700 730 1745 illam
755 1699 1042 1743 admirabilem
1060 1712 1251 1744 Areum
1279 1711 1409 1743 artem
1423 1731 1436 1749 ,
1467 1717 1592 1756 quam
1605 1704 1651 1745 in
1668 1716 1734 1745 or-

309 1758 492 1803 dinanda
518 1758 827 1816 digerendaque
843 1757 1084 1814 ampliffima
1105 1757 1308 1816 universae
1333 1758 1514 1804 historiae
1535 1762 1735 1806 Romanae

310 1820 487 1863 materia
521 1819 819 1863 demonstravit
837 1850 851 1868 ‚
890 1818 1337 1875 luculentiffimamque
1367 1821 1573 1864 tationem
1594 1851 1608 1870 ,
1651 1837 1734 1877 qua

310 1877 490 1930 modicis
519 1876 768 1935 quibusdam
805 1877 1094 1923 voluminibus
1129 1877 1346 1923 infinitum
1372 1894 1489 1936 paene
1519 1895 1737 1937 argumen-

309 1947 404 1982 tum
425 1936 615 1989 inclufit‚
649 1939 843 1995 quisquie
866 1936 1121 1982 confiderare
1164 1953 1212 1983 ac
1232 1940 1356 1995 paulo
1382 1942 1568 1996 aequiore
1591 1942 1731 1985 animo

306 1996 506 2042 aestimare
539 1999 748 2048 voluerim
792 2013 857 2043 nae
887 1999 950 2048 is,
994 1997 1172 2042 dubium
1201 2013 1290 2043 non
1321 1999 1403 2052 est,
1439 2002 1565 2056 quin,
1600 1998 1630 2044 fi
1667 2002 1742 2047 vel

311 2070 459 2101 omnes
494 2059 560 2103 illi
582 2060 810 2112 AuctoreS,
843 2072 866 2101 e
889 2057 1042 2115 quibus
1071 2056 1190 2103 suum
1214 2073 1320 2115 opus
1344 2057 1546 2116 congeffit'
1575 2073 1732 2107 urm-

312 2128 431 2167 Nus,
465 2117 620 2174 integri
642 2120 870 2162 etiamnum
896 2118 1048 2162 nostris
1068 2120 1114 2163 in
1137 2117 1639 2176 manibusversaren'tur,
1665 2122 1731 2166 ni.·.

309 2174 401 2246 bilo
425 2174 558 2246 secius
588 2177 850 2236 judicaturus
874 2176 994 2231 effet,
1027 2176 1274 2240 {iugularem
1305 2178 1525 2236 quamdam
1554 2178 1746 2253 gratiarn'
