1990 2694
520 115 589 154 IN
626 115 961 171 APHANUM
1000 115 1286 153 siacum.
1561 116 1628 165 79

208 217 262 261 ab
282 215 479 260 omnibus
511 215 709 259 Romanae
736 216 913 260 historiae
940 213 1128 259 studiofis
1161 215 1412 270 Scriptorem
1439 216 1625 261 nostrum

209 273 506 322 commeruiffe.

324 337 402 378 IX.
436 337 527 387 Jam
555 348 679 387 vero,
711 334 823 390 quod
850 336 894 376 in
924 334 1234 390 antiquioribus
1257 333 1627 389 scriptoribus,fi.

208 409 262 438 ne
285 392 600 450 reprehenfione
626 409 673 438 ae
693 396 793 437 citra
817 394 944 449 Plagii
966 396 1126 449 culpam
1144 425 1156 442 ‚
1188 392 1320 437 faeere
1347 404 1540 447 potuerat
1550 407 1628 440 Ap.

208 467 406 504 MANUS,
442 454 484 497 id
522 469 615 497 eum
647 469 699 496 ne
727 456 772 497 in
808 452 874 496 his
915 454 1082 508 quidem
1118 453 1193 496 fibi
1227 451 1469 508 permifiss'e,
1502 453 1623 498 facile

205 514 363 557 ostendi
391 514 521 569 potest
597 515 704 558 Nam
741 515 919 568 primum
937 542 950 562 ,
992 528 1121 568 quum
1151 515 1196 555 in
1220 526 1365 556 eorum
1392 515 1619 558 Auctorum
1676 561 1681 564 χ

205 589 413 624 numero,
442 573 595 630 quibus
617 586 844 619 nmmos
875 570 971 616 usus
998 572 1080 623 est,
1115 585 1342 619 pommus
1369 570 1442 623 fit;
1472 572 1523 616 de
1547 588 1620 618 cu-

204 633 270 689 jus
280 634 474 677 Historiis
503 647 647 689 magna
671 641 762 686 pars
779 632 835 674 ad*
855 633 1032 675 nostram
1051 643 1212 676 aetatem
1241 634 1459 687 pervenit;
1490 649 1613 689 equo

204 693 347 737 eodem
374 695 579 750 Scriptore
604 691 779 745 Noster,
812 690 840 734 fi
866 692 1032 748 quidem
1060 694 1098 735 ei
1125 690 1293 736 solenne
1312 690 1448 736 fuiffet
1469 707 1520 736 ex
1532 692 1616 739 suis

203 754 452 796 Audieribus
483 754 657 807 majores
691 751 885 806 quasdam
921 754 1158 796 minoresve
1185 753 1380 801 lacinias,
1412 766 1501 795 non
1529 754 1620 799 lau-

202 812 300 857 dato
327 814 513 857 Audieris
537 812 707 855 nomine
723 845 737 866 ‚
765 808 846 855 suis
871 809 1053 855 historiis*
1077 813 1293 862 intexere,
1322 811 1461 854 eadem
1487 816 1616 857 ratio-

203 887 257 915 ne
285 873 349 915 vel
387 876 431 916 in
466 874 610 929 primis
634 872 761 914 multa
791 873 837 914 in
860 870 930 916 sua
965 870 1187 916 transferre
1220 870 1367 917 scrinia
1387 871 1588 919 debuerat
1598 894 1615 927 ;

202 945 253 975 ex
275 932 561 989 eodemigitur
585 943 792 975 ιὀιΥΒιο
811 932 921 976 nihil
935 934 1153 990 quidquam
1177 934 1222 974 in
1239 932 1323 974 ulla
1335 932 1615 987 Historiarum

201 989 365 1034 suarum
402 1001 518 1046 parte
538 993 596 1035 ad
614 992 776 1035 verbum
805 991 1047 1048 descripsiffi
1076 1002 1450 1036 ALEXANDRmus
1477 993 1617 1038 noster

202 1050 540 1104 deprehenditur.
602 1049 715 1093 Tum
742 1062 847 1091 vero
877 1050 993 1105 quod
1021 1048 1072 1091 ad
1095 1063 1168 1092 eos
1198 1062 1388 1095 ΑΡΡΙΔΜ
1418 1053 1617 1097 Λιιὲἶονεε

198 1112 350 1151 attinet
369 1141 383 1161 ,
412 1121 592 1163 quorum
618 1107 671 1150 ad
704 1120 782 1148 nos
815 1119 1085 1151 monumenta
1122 1123 1208 1150 non
1229 1121 1533 1161 pervener-unu
1567 1115 1614 1156 in

197 1169 281 1210 illis
304 1182 392 1210 non
416 1169 542 1222 magis
565 1167 607 1207 ei
627 1163 811 1220 placuiffe
832 1170 1032 1210 rationem
1055 1181 1172 1222 eam,
1202 1180 1294 1221 quae
1314 1167 1352 1208 ei
1369 1169 1614 1221 exprobrari

197 1225 301 1270 soiet
314 1260 327 1279 ,
360 1229 421 1271 ad
437 1228 598 1272 verbum
625 1227 733 1269 alios
755 1226 1000 1283 describendi
1010 1258 1028 1282 ,
1055 1239 1195 1280 neque
1214 1239 1303 1268 eam
1321 1227 1527 1271 rationem
1541 1244 1614 1274 us-

200 1301 323 1342 quam
344 1286 396 1328 ab
428 1298 637 1330 -Al’PiANo
655 1314 668 1330 ,
700 1286 745 1326 in
784 1287 834 1327 iis
862 1285 1031 1340 quidem
1062 1284 1226 1334 Libris,
1256 1287 1331 1341 qui
1358 1300 1459 1331 vere
1478 1289 1518 1332 ei
1537 1292 1614 1335 tri.

198 1346 413 1397 buuntur,
447 1344 521 1387 effe
550 1343 800 1392 adhibitam5
830 1344 871 1386 id
904 1344 1070 1400 quidem
1104 1342 1198 1387 satis
1223 1342 1426 1401 superque
1461 1362 1616 1395 unum.

197 1418 404 1460 quemque
431 1400 677 1450 studiosum,
707 1416 785 1444 nec
797 1403 915 1457 plane
937 1404 1200 1457 imperitum,
1232 1405 1451 1459 Scriptoris
1479 1409 1612 1454 nostri

197 1466 411 1509 Leuorem
440 1460 522 1517 ipse
545 1462 671 1517 stilus
698 1461 810 1515 ejus,
852 1462 1112 1523 dii't‘ionisque
1132 1479 1183 1507 ac
1205 1468 1461 1508 narrationis
1479 1473 1611 1515 totius

186 1525 333 1579 forma
368 1540 418 1566 ac
445 1525 558 1565 color
586 1532 745 1575 poterat
770 1523 1012 1568 condecere.
1071 1523 1183 1566 Nam
1204 1522 1316 1578 quod
1339 1521 1369 1566 fi
1391 1527 1609 1574 variorum

199 1585 421 1627 Annorum
449 1583 610 1624 varium
641 1581 777 1623 stilum
799 1595 845 1623 ac
862 1582 1028 1625 dicendi
1048 1580 1237 1625 habitum
1262 1581 1346 1625 suae
1370 1586 1613 1633 immiscuis-

192 1641 253 1686 set
295 1639 611 1696 intexuifl'etque
660 1642 887 1684 narrationi
911 1658 926 1690 ;
976 1639 1070 1686 fieri
1110 1640 1230 1697 plane
1265 1655 1354 1684 non
1388 1654 1606 1698 potuerat,

193 1703 299 1756 quin
324 1700 450 1743 fimile
487 1699 697 1756 quidpiam
721 1701 810 1755 ejus
843 1702 903 1743 rei
927 1713 1132 1745 ΑΡΡῙΛΝΟ
1159 1698 1382 1748 accidiffet,
1406 1717 1532 1756 quam
1554 1708 1606 1752 de

192 1760 262 1806 sua
285 1760 505 1816 scriptione
529 1771 746 1813 zomaas
780 1758 953 1810 fatetur,
982 1772 1077 1800 curn
1100 1759 1146 1800 in
1166 1758 1429 1814 Praefhtione
1448 1767 1607 1809 Anna-

192 1826 294 1867 lium
306 1820 496 1869 suorum,
528 1818 963 1875 Dic7ionem,inquit,
994 1819 1268 1875 φῆναι-ἱππ,
1296 1831 1606 1879 necperomnia

181 1885 255 1940 fiai
271 1882 451 1938 similem
462 1911 480 1937 ,
517 1892 635 1922 nemo
668 1882 868 1921 miretur.-
894 1889 972 1921 aut
992 1881 1131 1937 culpet
1155 1882 1409 1936 orationem,
1433 1896 1514 1927 am
1536 1902 1606 1931 mg

193 1939 514 1999 ejusauaorem.
581 1942 685 1982 Cum
708 1942 815 1982 enim
834 1938 1046 1994 lzzstoriam
1067 1954 1122 1982 ex
1138 1942 1269 1984 variis
1287 1940 1605 2003 Scriptoribus,

192 2004 316 2047 veluti
337 2002 489 2060 stipem
500 2032 518 2056 ,
542 1999 726 2055 ,colligere
753 2014 819 2042 me
833 2010 1052 2056 oporteat,⁵
1073 2002 1123 2044 in
1151 2000 1326 2056 multis,
1363 2001 1535 2049 illoram
1561 2008 1601 2054 ἃ

192 2061 361 2105 diffluae
381 2065 418 2109 ἃ
441 2058 728 2118 compositione
747 2060 938 2102 utendum
952 2063 1048 2104 etit.
1059 2061 1201 2119 (Pagr.
1219 2062 1267 2104 6⁵.
1288 2061 1408 2105 Edit.
1423 2058 1603 2123 PanJI)

190 2121 320 2176 Atqui
342 2132 531 2166 urum
566 2118 708 2167 stilus,
736 2117 1014 2174 dictionisque
1045 2120 1166 2164 color
1190 2120 1233 2164 ἃ.
1260 2117 1452 2171 habitus,
1480 2122 1603 2170 ficati

175 2182 288 2243 suus
306 2178 364 2222 est
383 2181 582 2235 Scriptori
610 2178 750 2223 nostro
770 2190 896 2240 atque
918 2183 1119 2238 proprius
1137 2198 1158 2235 ‚-
1186 2194 1313 2236 quem
1336 2181 1503 2237 quidem
1525 2184 1603 2233 sti..
