1990 2694
575 109 642 148 lu
679 98 1026 148 APPI'ANUM
1064 98 1327 147 snc'rtv.
1605 99 1669 159 39

247 212 357 255 libro
378 209 514 254 omnis
537 205 754 263 Hispanica
780 208 946 252 historia
961 239 973 257 ‚
1005 208 1102 251 inde
1125 222 1147 250 a
1174 208 1305 262 prima
1332 206 1545 253 Amilcaris
1569 210 1663 252 Bar.

247 288 327 321 cae,
361 265 734 323 Carthaginiensis,
766 270 835 324 qui
852 280 963 324 pater
977 268 1195 311 Annibalis
1212 278 1323 316 erat,
1356 268 1400 310 in
1425 282 1511 310 eam
1530 271 1664 325 regio-

244 345 340 374 nem
362 329 465 372 faeta
494 330 747 383 irruptione,
780 329 909 384 usque
934 329 985 370 ad
1016 327 1252 382 Hispaniam
1279 329 1324 369 in
1349 329 1547 371 Romanae
1568 344 1663 383 pro-

246 390 397 434 vinciae
418 388 589 430 formam
615 387 836 437 redac‘tam‚
865 389 1063 430 continua
1081 386 1184 430 serie
1214 386 1431 443 perscripta
1459 386 1519 431 fit.
1553 391 1661 442 Qae

245 448 296 491 ab
313 463 361 490 eo
373 459 555 503 tempore
570 446 752 503 usquead
769 445 967 491 Caesarem
978 447 1206 502 Augustum
1218 447 1324 502 gesta
1337 445 1454 495 sunt,
1488 462 1575 491 non
1592 451 1656 492 ni.

248 506 275 551 fi
290 508 372 551 levi
384 509 474 564 stilo
495 517 791 563 percurruntur
800 525 813 555 3
845 522 940 550 nam
953 507 1003 550 de
1025 504 1271 551 Sertorianis
1287 506 1445 556 turbis,
1476 509 1588 563 quod
1607 511 1663 552 ci.

250 570 339 611 vile
361 570 497 623 potius
525 568 675 610 bellum
695 582 816 622 quam
848 582 941 610 cum
964 565 1155 622 Hispanis
1174 579 1280 619 erat,
1314 565 1585 623 similiterque
1607 570 1657 612 de

246 628 285 679 J.
318 627 485 670 Caesaris
508 625 728 681 Hispanico
767 628 900 676 bello,
931 627 1204 670 commodiori
1234 629 1327 670 loco
1362 627 1567 683 copiofius
1596 628 1659 670 di-

243 689 353 732 ctum
376 688 454 735 est;
486 687 533 740 d)
554 701 646 741 quae
672 697 810 729 autem
829 687 881 729 ab
907 686 1088 743 Augusto
1104 689 1150 729 in
1173 686 1368 743 Hispania
1395 685 1491 730 sunt
1526 687 1657 730 admi-

241 746 406 788 nistrata
422 777 432 794 ,
467 760 510 788 ea
540 744 624 788 fine
646 745 773 787 dubio
795 748 839 788 in
862 746 1074 800 deperdito
1099 746 1229 793 libro,
1263 746 1416 801 quibus
1443 760 1508 790 res
1531 747 1650 802 gestae

242 804 446 848 Caesarum
474 804 796 848 continebantur
811 835 824 854 ‚
856 807 1118 860 pertractavit
1140 814 1381 850 APPIANUS.

356 879 409 921 11.
442 879 623 933 Hzstoria
641 892 974 922 ANNJBALJCA
988 898 1004 930 ,·
1037 894 1121 933 quo
1143 878 1250 919 libro
1267 879 1474 933 expeditio
1491 879 1541 920 ab
1572 881 1657 921 An·

242 936 377 978 nibahe
402 940 445 979 in
475 938 632 980 Italiam
662 935 858 979 adversus
888 938 1101 979 Romanos
1139 935 1342 990 suscepta,
1375 940 1413 979 &
1446 938 1654 992 quidquid

243 1011 314 1050 per
336 997 429 1038 illos
452 995 624 1039 sedecim
650 1009 783 1038 annos
804 993 961 1050 gestum
984 996 1039 1038 est
1053 1026 1066 1045 ,
1113 995 1268 1051 quibus
1288 996 1448 1039 Italiam
1471 997 1654 1041 devasta-

241 1058 306 1098 vit
333 1056 508 1104 Poenus,
540 1064 728 1097 accurate
748 1052 1027 1110 perscribitur.

360 1129 431 1172 111.
465 1129 646 1184 Historia
678 1134 899 1184 LI'BYCA,
937 1128 1003 1169 vel
1034 1129 1174 1182 potius
1213 1126 1294 1169 sola
1331 1141 1505 1173 PuNch
1520 1159 1532 1177 ,
1567 1128 1652 1173 five

244 1184 589 1245 Carthaginiensis
610 1186 775 1228 historia
791 1202 806 1234 ;
836 1201 930 1228 nam
946 1220 958 1239 ‚
980 1202 1070 1242 quae
1086 1201 1177 1230 cum
1201 1191 1363 1232 Punica
1394 1188 1651 1243 conjunctim

241 1249 394 1306 Libyco
412 1248 515 1290 libro
546 1245 860 1293 continebatur,
892 1250 1116 1291 Numidica
1147 1247 1371 1290 intercidit.
1405 1246 1448 1300 e)
1503 1248 1552 1289 In
1569 1248 1650 1292 hoc

239 1306 373 1357 libro,
403 1306 532 1358 initio
542 1307 592 1346 ab
614 1306 773 1360 origine
792 1305 905 1347 urbis
926 1305 1188 1361 Carthaginis
1209 1304 1337 1354 facio,
1370 1305 1649 1363 praemiflaque

237 1363 475 1406 strietiffima
490 1365 693 1420 beliorum
707 1366 894 1406 omnium
909 1361 1179 1417 descriptione
1190 1395 1205 1414 ‚
1233 1379 1325 1419 quae
1339 1365 1540 1407 Romanis
1551 1381 1647 1410 cum

238 1422 644 1477 Carthaginienfibus
661 1424 705 1463 in
730 1420 893 1470 Sicilia,
924 1424 970 1463 in
997 1421 1218 1476 Hispania,
1249 1426 1294 1464 in
1327 1423 1467 1470 Italia,
1497 1426 1542 1465 in
1564 1424 1647 1479 ipsa

237 1480 375 1526 Africa
392 1479 722 1533 intercesserunt,
754 1494 799 1522 ea
822 1495 873 1523 ex
889 1479 1066 1536 profeffo
1085 1480 1343 1536 persequitur
1363 1483 1539 1531 Auctor,
1553 1498 1647 1538 quae

237 1540 333 1585 sunt
356 1543 402 1583 in
426 1541 557 1585 Africa
585 1539 1163 1595 adveffus‘Carthaginienses
1195 1541 1315 1596 gesta.
1376 1542 1429 1585 Et
1454 1544 1650 1596 quidem,

237 1615 328 1654 quae
342 1601 476 1652 primo
487 1601 643 1642 Punico
657 1599 765 1641 beno
778 1628 789 1645 ‚
805 1601 932 1652 Atiiio
945 1601 1107 1654 Regulo
1120 1602 1238 1642 Duce
1249 1631 1261 1650 ‚
1293 1600 1407 1641 haud
1421 1602 1646 1645 admodum

233 1658 408 1704 feliciter
422 1658 698 1703 administrata
708 1667 850 1707 erant,
877 1658 1024 1701 leviter
1035 1658 1277 1713 perstrictim
1301 1673 1347 1701 ea
1365 1658 1646 1713 potiffirnum,

236 1735 329 1773 quae
342 1718 521 1761 secundo
540 1722 746 1773 tertioque
772 1719 927 1761 Punico
942 1719 1075 1769 bello,
1104 1717 1235 1771 usque
1251 1718 1304 1759 ad
1321 1715 1504 1761 12oeer
1526 1735 1547 1762 a
1562 1722 1644 1764 Ro-

236 1781 369 1822 manis
396 1777 684 1833 Carthaginem
702 1807 717 1827 ,
742 1776 1004 1832 Africamque
1018 1778 1064 1819 in
1088 1777 1317 1819 Provinciae
1333 1776 1513 1821 formam
1531 1779 1645 1824 reda-

286 1887 320 1922 e}
347 1886 438 1922 Vide
456 1897 488 1928 p.
508 1888 590 1926 256.
615 1883 673 1922 D„
897 1907 899 1909 v
956 1882 1143 1927 peditione
1156 1890 1282 1921 corma
1294 1884 1473 1927 juniorem
1492 1884 1643 1931 Pompe.

284 1933 336 1977 d)
367 1933 424 1971 De
447 1931 540 1969 bello
566 1930 766 1967 Sertoriano
791 1929 827 1965 in
850 1929 913 1967 Hi.
954 1930 1034 1973 jum
1056 1930 1093 1965 in
1112 1929 1312 1976 Hispaniam
1340 1930 1519 1978 suscepta,
1556 1930 1645 1970 vide'

236 1981 352 2029 spania
373 1982 467 2029 gesto
483 1981 596 2028 agitur
612 1979 716 2017 Libro
732 1979 759 2017 1.
781 1979 828 2015 de
838 1978 913 2016 Bel·
956 1977 1037 2016 Lib.
1055 1977 1103 2017 11.
1124 1979 1175 2017 de
1197 1980 1283 2018 Bell.
1296 1980 1373 2017 Civ.
1390 1991 1426 2026 pq
1446 1992 1637 2028 492-494.

237 2032 282 2066 Iis
297 2032 402 2066 Civil.
429 2035 561 2077 P·‚4¹8·
583 2028 640 2074 sqq
679 2029 723 2064 ad
739 2039 841 2074 quem
858 2026 914 2062 Io-

237 2090 318 2114 cum
345 2079 452 2115 etiam
473 2078 645 2124 abiegavit
663 2076 810 2114 lectores
831 2074 912 2112 suos
1008 2076 1042 2118 e)
1074 2075 1131 2114 Ex
1164 2077 1366 2120 Numidica
1390 2077 1536 2115 Historia
1562 2077 1638 2116 Fra.

239 2132 451 2163 APPJAN'U'S
470 2128 506 2162 in
523 2126 594 2173 ipsa
617 2125 686 2163 hae
707 2127 846 2163 Iberica
856 2124 913 2162 hi·
955 2133 1104 2172 :gmenta
1125 2126 1200 2162 duo
1215 2125 1426 2167 exhibentur
1446 2127 1483 2163 in
1505 2128 1642 2166 Excen

232 2174 333 2212 floria
347 2185 383 2220 p.
401 2184 479 2220 3¹3·
506 2176 550 2216 A,
575 2174 631 2212 De'
647 2175 681 2219 J.
697 2172 836 2212 Caesaris
849 2184 915 2211 ex·
953 2176 1038 2221 ptis
1061 2174 1111 2211 ab
1141 2175 1302 2212 unsrun
1328 2175 1434 2213 editis
1455 2185 1532 2227 pag.
1554 2185 1641 2223 3¹10-
