1990 2694
266 122 335 172 22
684 121 1318 160 EXERCITATIONUM

263 220 359 263 bica
381 232 470 272 non
496 220 664 264 videtur
678 223 886 277 integrum
908 235 953 263 ac
970 218 1195 274 separatum
1218 220 1372 265 librum
1393 220 1564 277 potuiffe
1576 236 1689 264 com.

248 279 403 333 -plere,
437 281 729 323 tantummodo
759 296 849 334 pars
867 278 982 322 fuiffe
1005 278 1095 332 ejus
1115 279 1237 327 libri,
1273 296 1358 334 quo
1381 296 1444 324 res
1465 280 1537 324 sub
1562 284 1692 336 lmpe-

269 338 482 382 tatoribus
498 340 550 382 ab
579 338 757 394 Augusto
783 337 909 394 usque
939 337 989 379 ad
1021 336 1248 391 Trajanum
1279 339 1397 393 gestae
1419 340 1704 384 contineban-“

273 408 369 450 tur,
403 398 453 441 de
477 413 563 454 quo
583 398 798 452 deinceps,
832 413 948 441 num.
970 397 1183 451 (XXII.)
1215 398 1389 441 dicetur.

422 461 753 515 (XVII-XXI)
781 462 881 507 Ἐπὶ
903 455 949 507 δὲ
967 455 1091 511 τέτοις
1106 463 1200 506 ezch
1225 464 1256 506 οἱ
1272 457 1597 528 iwaygoewiposvoa
1607 465 1692 510 ‘1’oe-

274 529 430 588 μοιῦιὰἲν
451 530 676 590 Ἐμφυλίων
698 523 811 582 “r-2¹:512.
879 531 971 572 Hos
992 529 1222 587 sequuntur
1245 532 1416 587 quinque
1448 530 1592 586 Libri,
1621 534 1689 588 qui

271 592 318 632 de
345 593 632 633 Romanorum
652 593 784 633 Bellis
813 592 1014 634 Civilibus
1036 592 1320 647 infirihuntur.
1381 591 1474 632 Hos
1493 590 1623 633 libros
1645 593 1691 633 in

271 649 401 691 totius
424 651 559 704 operis
587 662 784 706 compage
807 650 994 704 proxime
1014 649 1102 703 post
1117 650 1455 694 Mithridaticam
1480 643 1691 693 historiam

271 706 386 750 fuiffe
420 709 469 750 ab
502 711 678 752 Auctore
708 710 934 752 collocatos
964 707 1083 762 supra
1114 710 1296 751 vidimus
1315 708 1402 768 y);
1434 723 1518 762 quo
1546 708 1692 751 eodem

272 767 366 808 loco
392 769 429 809 &
455 768 665 812 Pnonus
689 780 759 810 eos
783 765 928 822 posuit.
992 767 1069 810 Sed
1096 766 1260 815 nescim
1296 781 1380 821 quo
1400 765 1517 816 casu,
1551 782 1690 823 quove

273 823 469 874 confilio,
499 842 644 871 novem
669 828 867 871 Civiliam
886 828 1099 877 Bellorum
1129 829 1254 870 libros
1274 826 1382 868 idem
1412 837 1603 869 numeret
1627 828 1693 869 Li-

275 884 535 928 teratiffimus
550 886 746 940 Scriptor.
767 885 828 943 z)
888 886 1041 940 Neque
1060 887 1168 927 enim
1184 886 1320 940 plures
1336 898 1550 940 umquam,
1565 898 1690 941 quam

275 945 462 999 quinque
485 944 611 999 hujus
636 945 869 1000 argumenti
891 943 1021 987 libros
1037 943 1088 986 ab
1114 956 1320 989 ΑΡΡιΑΝο
1343 944 1477 988 editos
1502 942 1575 986 effe
1599 959 1692 987 cen-

277 1002 446 1045 sendum
478 1005 549 1047 est.
615 1005 736 1046 Certe
791 1007 835 1047 ui
858 1002 1115 1051 hodie‚cum
1144 1005 1191 1045 in
1211 1002 1502 1058 Manuscriptis
1529 1004 1693 1046 Codici-

276 1062 381 1114 bus,
413 1073 506 1105 tum
540 1065 584 1105 in
616 1020 814 1117 impreffis
853 1062 1180 1116 exemplaribus,
1225 1074 1392 1120 quartus
1424 1075 1690 1114 numeratur,

276 1134 371 1163 eum
402 1121 455 1164 ab
480 1120 567 1177 ipso
594 1123 716 1164 etiam
743 1124 918 1166 Auctore
943 1122 1019 1171 (in
1041 1121 1130 1176 ipso
1162 1120 1257 1163 libri
1282 1121 1482 1172 exordio)
1505 1135 1693 1181 quartum

271 1181 525 1233 appellatum
548 1181 754 1223 videmus.
818 1184 906 1232 Qui
927 1191 1062 1222 autem
1085 1184 1250 1238 quintus
1294 1179 1495 1228 habetur,
1529 1183 1562 1222 is
1584 1183 1706 1240 idea*

272 1237 331 1281 est
353 1240 424 1281 ille
442 1269 455 1288 ‚
490 1241 565 1295 qui
595 1250 679 1282 tam
701 1253 723 1281 a
749 1251 931 1283 mono
948 1272 961 1291 ,
995 1252 1118 1294 quam
1143 1237 1194 1279 ab
1215 1236 1303 1292 ipso
1322 1251 1525 1282 ummo
1543 1240 1695 1294 postre-

273 1310 368 1340 mus
393 1300 578 1353 ponitur.
643 1299 753 1342 Nam
778 1296 879 1341 sicut
904 1299 1099 1341 ultimum
1121 1297 1273 1340 librum
1298 1300 1345 1340 de
1373 1299 1505 1342 Bellis
1542 1301 1694 1344 Civili-

264 1358 344 1400 hus
374 1370 469 1400 eum
498 1368 693 1401 numerat
724 1369 962 1405 Pflo'rlus,
994 1357 1126 1411 qui&
1156 1368 1351 1398 mutuum
1378 1357 1546 1412 Augusti
1567 1369 1693 1413 atque

317 1462 373 1504 x)
406 1461 525 1507 Quam
564 1462 660 1498 enim
691 1461 880 1507 Pompeius
917 1461 957 1497 in
1003 1461 1142 1497 vilibus
1161 1472 1352 1506 numquam
1372 1460 1445 1507 ipse
1466 1461 1586 1499 vidisse
1597 1464 1693 1500 vide·

271 1509 439 1548 eamdem
465 1508 693 1547 Nabathaeam
711 1508 769 1547 vel
791 1509 959 1547 Petraeam
1007 1517 1063 1545 tur
1088 1517 1286 1546 PHOTIUS.
1327 1508 1417 1546 Cum
1440 1517 1559 1547 autem
1583 1511 1693 1548 tribus

273 1558 438 1595 Arabiam
455 1585 467 1602 ‚
506 1569 580 1603 quae
606 1569 626 1593 a
661 1558 816 1601 Traiano
844 1557 961 1601 subju-
1008 1556 1247 1593 voluminibus
1272 1557 1566 1602 comprehensum
1594 1559 1694 1597 fuisse

275 1612 355 1651 gam
377 1604 442 1646 est,
474 1606 548 1648 jam
576 1604 664 1640 olim
693 1604 887 1649 susceperat
903 1615 965 1640 ex·
1011 1611 1128 1648 totum
1154 1613 1328 1639 ΑΡΡΙΑΝῙ
1353 1616 1441 1649 opus
1465 1608 1692 1650 cognoverit,

277 1652 496 1700 peditionem
517 1677 529 1695 ‚
591 1662 697 1698 quam
750 1659 961 1688 melanus
1009 1651 1194 1697 primoque
1216 1649 1396 1687 volumine
1428 1663 1555 1689 novem
1589 1653 1695 1691 libros

277 1702 382 1739 etiam
400 1700 533 1747 mugit,
563 1700 802 1743 (Mithridat.
826 1712 860 1747 p.
878 1711 961 1744 ²44·
1009 1699 1185 1737 contineri
1197 1699 1347 1742 viderit,
1362 1699 1453 1737 forte
1462 1702 1617 1747 putavit.
1645 1703 1698 1742 Οἱ.

274 1750 313 1787 Β.
349 1752 384 1787 &
414 1757 691 1786 PLUTARCHUS
722 1749 760 1784 in
787 1750 961 1795 Pompejo
1008 1749 1143 1784 vilium
1155 1747 1697 1795 Bellorumlibros,quialiudvo-

268 1808 304 1844 p.
328 1800 410 1841 ⁶40·
439 1797 510 1835 D.)
536 1808 576 1833 ea
597 1807 670 1832 non
691 1795 753 1831 nifi
782 1796 828 1831 ad
851 1803 962 1831 terro·
1008 1795 1131 1831 lumen
1150 1795 1309 1839 ejusdem
1331 1796 1405 1832 fere
1428 1795 1531 1832 molis
1542 1797 1698 1843 comple-

272 1856 350 1883 rem
370 1845 524 1882 nominis
549 1844 699 1882 Romani
720 1843 891 1881 Arabibus
910 1844 966 1881 in·
1008 1851 1111 1884 rent,
1143 1855 1217 1880 non
1247 1844 1430 1890 pauciores
1460 1842 1528 1881 esse
1544 1856 1698 1883 numero

271 1894 483 1932 cutiendum
499 1892 656 1940 suscepta
674 1899 760 1929 etat.
800 1893 915 1937 Atque
929 1891 962 1927 ’ίὶ
1007 1891 1112 1948 poffe.
1155 1893 1280 1938 Neque
1300 1893 1396 1929 enim
1410 1891 1574 1938 suspicari
1591 1893 1706 1938 licet,

270 1943 317 1980 de
330 1954 372 1980 ea
395 1942 433 1979 in
450 1942 518 1979 hoc
533 1942 697 1979 Arabico
713 1940 823 1977 Libro
842 1940 962 1986 copio-
1009 1939 1110 1976 xilum
1123 1951 1308 1977 numerum
1321 1951 1365 1976 ex
1372 1939 1488 1986 aliquo
1499 1940 1699 1987 Exemplari

270 1990 339 2028 snus
380 1989 496 2028 fuiffet
535 1990 694 2027 dicturus
734 1996 962 2038 aprunus,
1010 1987 1164 2026 retulisse
1185 1997 1388 2025 ΡΗοτῐυΜ
1404 2015 1415 2033 ,
1441 1989 1477 2025 in
1496 2000 1566 2035 quo
1583 1991 1696 2028 omnis

271 2038 347 2075 fine
367 2038 476 2074 dubio
495 2038 540 2074 ad
558 2037 662 2073 illum
678 2035 812 2073 librum
830 2048 874 2072 eo
884 2036 965 2073 loco
1013 2046 1191 2073 APPIANI
1214 2037 1259 2072 de
1276 2037 1453 2073 Civilibus
1470 2038 1575 2073 BeHis
1596 2038 1696 2075 histo-

272 2084 426 2123 lectores
445 2084 525 2121 suos
545 2083 746 2130 ablegasset.
1009 2085 1060 2121 ria
1082 2096 1120 2121 re
1133 2083 1205 2130 ipsa
1221 2085 1257 2119 in
1269 2083 1322 2119 IX
1344 2083 1452 2119 libros
1470 2083 1578 2121 fuerit
1593 2086 1698 2123 distri-

324 2139 372 2182 y)
396 2133 478 2169 vid.
510 2133 620 2170 Num.
651 2129 775 2177 (XV.)
1010 2133 1106 2170 bum.
1134 2133 1227 2169 Nam
1243 2142 1351 2177 quum
1362 2130 1613 2179 liberille‚qui
1626 2134 1699 2172 bel.

326 2183 371 2229 z)
395 2180 521 2220 Libros
538 2187 719 2218 APPIANI
740 2178 785 2215 de
794 2178 899 2218 Bellis
912 2180 967 2218 Ci-
1012 2180 1276 2219 lumoctaviani
1286 2179 1532 2219 cumAntonio
1541 2184 1699 2230 exponit,
