1990 2694
1598 129 1685 179 ‚6¹

274 236 452 293 superest
468 264 480 284 ,
507 234 550 287 s)
575 235 647 277 ubi
662 234 710 277 de
734 234 799 277 illa
820 236 929 278 clade
951 237 1110 290 agitur,
1145 232 1194 272 ad
1216 241 1417 276 CLAUDII
1436 240 1572 277 PAum'
1584 237 1683 279 Ἀη-

274 305 387 346 nales
411 293 592 359 (nabas
617 301 667 347 τέ
685 298 855 348 mavei&
880 292 1064 367 χςονικοὲς
1076 288 1297 355 ΣυνἾεέξεις)
1319 294 1674 349 provocatum'vL

274 365 432 404 demus.
498 361 572 404 Sed
596 376 686 404 cum
710 375 797 403 non
827 360 903 403 nifi
931 359 1124 414 singulari
1143 357 1317 412 quadam
1341 358 1479 401 oblata
1506 359 1685 403 occafioa

273 434 326 462 ne
341 421 588 475 Scriptorem
599 420 778 476 aliquem
802 421 1049 462 nominatim
1069 417 1268 459 advocare
1282 414 1408 460 soleat
1428 430 1530 461 ΑΡΡΙ
1539 432 1600 463 ΑΝ
1609 433 1683 467 1185

274 477 477 535 suspicor,
505 482 624 524 etiam
650 494 700 522 eo
735 481 827 522 loco
851 480 901 522 ad
929 476 1129 534 singulare
1151 475 1319 532 aliquod
1347 476 1437 533 ejus
1460 475 1571 521 casus
1593 493 1688 522 mo-

271 551 479 587 mentum,
511 540 683 594 (forte,
708 539 782 581 ubi
799 538 848 580 de
866 553 1039 581 numero
1056 535 1250 580 caesorum
1275 547 1595 592 captorumque,
1630 541 1680 582 de

269 614 354 655 quo
380 597 632 642 dissentirent
657 596 900 652 scriptores,
935 609 1160 647 APMANUS
1189 595 1357 653 agebat;
1388 609 1406 640 t
1403 596 1436 652 )
1465 607 1537 640 aut
1565 598 1681 653 quod

226 659 229 661 ’
267 660 337 700 ille
369 659 588 700 Annalium
622 659 803 710 Scriptor
825 660 869 699 in
894 672 944 699 eo
972 656 1056 709 ipso
1090 656 1197 697 bello
1221 656 1271 707 ιι)
1293 657 1567 710 militaverit}
1584 672 1683 700 eum

269 718 485 760 Auctorem
510 714 624 759 fuiffe
656 715 705 756 ab
733 728 938 761 APP1ANO
968 718 1163 761 citatum
1194 713 1244 766 x)
1270 724 1424 757 temere
1455 725 1594 758 autem
1626 716 1678 757 ab

583 135 654 173 1N
694 130 1038 173 APPIANUM
1076 124 1257 170 SEc‘r.
1284 134 1370 170 vx.

266 781 551 833 Epitomatore
577 790 730 818 nomen
747 775 857 818 illius
868 776 1086 829 scriptoris
1099 804 1110 821 ,
1132 772 1273 816 omifl'a
1293 788 1337 816 ea
1355 788 1399 817 re
1411 773 1460 817 ad
1482 789 1605 830 quam
1620 785 1681 818 te.

266 835 459 876 stimonio
483 835 665 891 ejusdem
692 832 787 876 usus
819 846 1041 879 APPIANUS
1067 842 1178 881 erat,
1204 837 1419 889 Epitomae
1441 833 1541 877 huic
1561 833 1678 878 fuiffe

264 891 477 936 insertum.

385 966 425 1007 7.
457 954 522 995 De
545 950 713 996 Caesaris
735 967 830 997 cum
851 951 987 996 Craffo
1011 962 1136 1007 atque
1159 952 1355 1006 Pompeio
1375 950 1682 1007 conspiratione

266 1057 301 1085 te
321 1048 440 1094 saepius
464 1048 624 1091 confert3
658 1049 691 1084 ἃ.
720 1059 824 1093 quem
849 1056 946 1084 VEL-

267 1105 388 1135 LEJus
422 1104 692 1140 PRATEncurus
723 1095 760 1130 L.
782 1094 827 1130 Π.
857 1106 888 1130 c.
911 1106 944 1137 9.

265 1143 353 1179 ficut
386 1144 418 1179 &
453 1151 667 1179 Romnum
692 1144 725 1179 &
752 1142 943 1184 eumdem,

265 1203 369 1237 quem
390 1192 497 1228 modo
516 1190 719 1233 nominavi,
760 1191 942 1226 Valerium

263 1242 478 1282 Antiatem,
521 1239 668 1285 Sisennae
698 1237 865 1283 aequalem
892 1237 941 1273 fe-

267 1287 326 1322 cit.
365 1286 516 1331 Sisenna
535 1294 653 1322 autem
675 1286 797 1331 (quod
811 1285 943 1321 ibidem

269 1343 474 1377 VELLEJUS
494 1334 662 1377 testatur)
683 1332 777 1369 bello
788 1334 944 1369 Numan-

264 1382 340 1424 tino
373 1382 491 1423 (circa
525 1382 565 1418 A.
598 1382 640 1418 U.
666 1381 777 1424 620.)
806 1381 942 1424 juvenis

245 1429 401 1472 -fueran
416 1430 492 1474 sed
508 1440 599 1476 opus
621 1428 701 1463 belli
724 1429 849 1464 Civilis
865 1429 942 1474 Syl-

263 1478 340 1512 lani
377 1476 461 1523 post
504 1477 647 1522 aliquot
689 1487 802 1510 annos
842 1475 941 1516 (scii.

267 1536 368 1571 quam
389 1523 475 1560 illud
501 1523 600 1560 civile
625 1521 754 1560 bellum
776 1523 946 1569 composa-

262 1582 337 1609 tum
361 1572 503 1616 fuerat)
528 1574 577 1608 ab
591 1573 786 1617 eostniore
806 1573 943 1609 editum

264 1622 318 1665 cst.
380 1620 432 1656 Ex
474 1631 542 1664 quo
574 1619 748 1663 colligitur
764 1643 773 1657 ‚
825 1628 946 1656 cLAu-

253 1677 374 1705 ulum
403 1667 498 1703 hunc
525 1679 567 1704 eo
597 1666 671 1713 ipso
700 1674 859 1712 tempore
896 1668 945 1703 vi-

260 1716 364 1755 xisse,
401 1716 437 1751 in
476 1717 574 1760 cujus
612 1715 782 1760 temporis
799 1714 945 1757 ‘historia

265 1776 347 1801 eum
365 1764 408 1800 ab
432 1772 619 1800 APPIANO
643 1763 761 1799 testem
785 1763 944 1799 videmus

261 1812 360 1848 fiuiffe
395 1812 615 1847 advocatum.
676 1811 852 1855 Quoniam
885 1823 943 1846 au-

262 1868 335 1897 tem
357 1859 521 1905 superiori
555 1856 670 1901 seculo
696 1858 828 1893 vixerat
854 1866 941 1893 Ael-

267 1916 361 1945 uus
384 1934 395 1951 ,
440 1908 516 1951 ejus
545 1906 705 1942 Annales
734 1914 938 1942 CLAUDIUS

259 1968 334 1992 non
361 1955 470 1992 modo
497 1955 534 1990 in
570 1953 716 1990 latinum
744 1953 941 1990 sermonem

259 2002 465 2042 transtulisse
481 2029 491 2046 ‚
513 2002 572 2039 sed
584 2002 627 2039 ad
652 2001 710 2039 sua
729 2003 839 2038 etiam
853 2008 943 2039 tem·

263 2064 350 2098 pora
369 2050 585 2089 continuasse
594 2078 605 2094 ‚
622 2049 867 2096 intelligendus
877 2049 938 2087 est.

316 2101 441 2145 Neque
457 2112 538 2136 vero
550 2099 652 2136 lectio
668 2110 708 2136 ea
718 2124 729 2142 ,
741 2110 813 2143 quae
825 2099 861 2134 in
876 2106 943 2133 AP-

262 2156 380 2185 PIANI
420 2159 520 2186 exem
562 2149 676 2185 aribus
704 2146 809 2192 vulgo
846 2145 943 2198 exhi-

267 2196 393 2237 betur,
416 2206 498 2233 eum
539 2197 688 2237 ,laudius
701 2196 832 2236 Paulus
846 2206 943 2239 bnon

996 1045 1272 1094 Quadrigarius
1310 1054 1371 1083 aut
1402 1047 1447 1097 Q.
1484 1048 1680 1093 claudius,

996 1101 1161 1136 vocatur,
1190 1093 1290 1129 nobis
1312 1094 1444 1131 obstare
1462 1096 1586 1138 debet,
1608 1109 1678 1143 quo

997 1141 1111 1176 minus
1160 1141 1324 1177 eumdem
1373 1153 1410 1183 Q.
1454 1152 1673 1181 CLAUDIUM

996 1190 1327 1229 QUADRIGARwM
1351 1189 1517 1227 hocloco
1536 1191 1580 1227 ab
1610 1202 1677 1228 Ap-

995 1245 1122 1272 mano
1152 1237 1348 1273 indicatum
1376 1238 1476 1275 fuiffe
1498 1247 1675 1285 putemus.

995 1284 1063 1319 Sed
1082 1285 1246 1329 quoniam
1258 1286 1460 1331 ceteroquin
1474 1298 1547 1322 non
1562 1287 1676 1324 solum

994 1332 1085 1367 inter
1104 1339 1158 1368 tot
1170 1333 1334 1369 Auctores
1348 1333 1537 1371 Annalium
1549 1335 1679 1373 Roma-

993 1390 1118 1414 norum
1131 1406 1141 1423 ‚
1155 1391 1301 1425 quorum
1318 1381 1420 1416 nobis
1434 1383 1579 1419 nomina
1591 1395 1681 1420 con-

990 1426 1122 1463 servata
1142 1426 1239 1467 sunt,
1276 1427 1373 1464 nulla
1395 1430 1545 1465 omnino
1568 1433 1677 1467 Clau-

993 1475 1048 1509 dii
1070 1475 1234 1511 PAULI
1254 1476 1389 1512 mentio
1402 1476 1463 1521 fit,
1488 1477 1550 1514 sed
1566 1479 1675 1515 etiam

992 1522 1029 1558 in
1049 1529 1124 1558 tota
1152 1523 1309 1560 Claudia
1330 1532 1435 1571 gente
1455 1524 1572 1563 nullus
1596 1526 1678 1564 urn-

994 1582 1096 1616 quam
1128 1579 1285 1608 PAULUS
1308 1574 1522 1618 cognomine
1542 1587 1677 1612 memo-

994 1626 1110 1661 ratur3
1148 1618 1205 1655 vix
1230 1619 1463 1657 dubitandum
1488 1621 1555 1666 est,
1591 1626 1674 1669 quin

994 1677 1058 1712 pro
1086 1674 1252 1712 corrupto
1291 1670 1450 1704 PAULI
1487 1669 1576 1706 illud
1610 1684 1678 1709 no-

993 1726 1076 1750 men
1106 1714 1223 1750 haberi
1246 1714 1403 1752 debeat:
1444 1718 1539 1762 quod
1564 1721 1672 1756 etiam

996 1768 1168 1798 vossws
1205 1762 1376 1804 judicavit
1405 1764 1451 1800 de
1483 1765 1672 1811 Historicis

992 1809 1137 1844 Latinis
1162 1808 1199 1844 L.
1226 1809 1250 1845 Ι.
1277 1821 1354 1856 cap.
1371 1812 1417 1847 X.
1443 1823 1477 1857 p.
1499 1825 1558 1855 4⁴·
1593 1818 1671 1851 Au.

984 1855 1159 1902 gustantis
1180 1857 1320 1901 quidem
1347 1858 1471 1895 Codex
1495 1860 1566 1898 boc
1587 1861 1683 1899 loco-

988 1902 1127 1940 nullum
1140 1904 1381 1948 adjumentum
1395 1906 1508 1952 potest
1516 1908 1681 1955 adferre‚‘

992 1964 1099 1998 quum
1122 1959 1195 1988 tota
1225 1953 1298 1991 haec
1321 1955 1447 1991 Celtici
1462 1953 1556 1992 Libri
1580 1958 1683 2005 Epi-¹

991 2008 1088 2038 tome
1100 2001 1137 2036 in
1151 2013 1194 2037 eo
1203 2002 1333 2040 Codice
1349 2014 1422 2039 non
1434 2005 1666 2044 contineatur.

989 2048 1194 2087 Videndum
1219 2052 1359 2088 interim
1384 2053 1470 2095 erit,
1507 2064 1574 2097 an,
1605 2066 1668 2099 pro

989 2096 1111 2144 Παύλῳ
1128 2101 1172 2142 τῷ
1187 2099 1330 2145 Κλαυδίῳ
1341 2127 1351 2143 ‚
1381 2100 1418 2136 in
1440 2099 1513 2136 aliis
1529 2101 1667 2138 Codicic

989 2146 1097 2192 Kefflqo
1127 2147 1291 2194 Κλαυδίῳ,
1328 2157 1389 2185 aut
1413 2146 1478 2185 alia
1511 2150 1670 2194 quaedam

987 2193 1091 2239 hujus
1107 2194 1178 2232 loci
1192 2197 1393 2235 emendatio
1404 2225 1415 2243 ,
1435 2197 1648 2235 inveniatur,

1112 2245 1208 2298 H3
